<record><header><identifier>oai:alma.41SLSP_UGE:991000009129705502</identifier><datestamp>2023-07-03T00:42:28Z</datestamp><setSpec>uge_bcen_RapidILL_BOOK</setSpec><setSpec>uge_aaca_RapidILL_BOOK</setSpec><setSpec>uge_abels_RapidILL_BOOK</setSpec><setSpec>uge_dbu_RapidILL_BOOK</setSpec><setSpec>uge_cmu_RapidILL_BOOK</setSpec><setSpec>uge_mail_RapidILL_BOOK</setSpec><setSpec>uge_abbat_RapidILL_BOOK</setSpec><setSpec>UNIGE_ALL</setSpec><setSpec>uge_aobs_RapidILL_BOOK</setSpec><setSpec>uge_acar_RapidILL_BOOK</setSpec></header><metadata>
<record xmlns="http://www.loc.gov/MARC21/slim" xmlns:xsi="http://www.w3.org/2001/XMLSchema-instance" xsi:schemaLocation="http://www.loc.gov/MARC21/slim http://www.loc.gov/standards/marcxml/schema/MARC21slim.xsd"><leader>03011nam a2200781 c 4500</leader><controlfield tag="001">991000009129705502</controlfield><controlfield tag="005">20230702063146.0</controlfield><controlfield tag="008">201011s1988    xxu||||| |||| 00| ||eng d</controlfield><datafield ind1=" " ind2=" " tag="010"><subfield code="a">87021182</subfield></datafield><datafield ind1=" " ind2=" " tag="015"><subfield code="a">59006507</subfield><subfield code="2">bnf</subfield></datafield><datafield ind1=" " ind2=" " tag="020"><subfield code="a">019505248X</subfield><subfield code="q">alk. paper</subfield></datafield><datafield ind1=" " ind2=" " tag="020"><subfield code="a">9780195052480</subfield><subfield code="q">alk. paper</subfield></datafield><datafield ind1=" " ind2=" " tag="020"><subfield code="a">0195052676</subfield><subfield code="q">series</subfield></datafield><datafield ind1=" " ind2=" " tag="020"><subfield code="a">9780195052671</subfield><subfield code="q">series</subfield></datafield><datafield ind1=" " ind2=" " tag="020"><subfield code="a">0195063252</subfield></datafield><datafield ind1=" " ind2=" " tag="020"><subfield code="a">9780195063257</subfield></datafield><datafield ind1="7" ind2=" " tag="024"><subfield code="a">http://catalogue.bnf.fr/ark:/12148/cb35051653k</subfield><subfield code="2">uri</subfield></datafield><datafield ind1=" " ind2=" " tag="035"><subfield code="a">(swissbib)217104703-41slsp_network</subfield></datafield><datafield ind1=" " ind2=" " tag="035"><subfield code="a">217104703</subfield><subfield code="9">ExL</subfield></datafield><datafield ind1=" " ind2=" " tag="035"><subfield code="a">(RERO)1024188-41slsp</subfield></datafield><datafield ind1=" " ind2=" " tag="035"><subfield code="a">(NEBIS)003737592EBI01</subfield></datafield><datafield ind1=" " ind2=" " tag="035"><subfield code="a">(IDSSG)000539368HSB01</subfield></datafield><datafield ind1=" " ind2=" " tag="035"><subfield code="a">(OCoLC)461998564</subfield></datafield><datafield ind1=" " ind2=" " tag="035"><subfield code="a">(OCoLC) ocm16524715-</subfield></datafield><datafield ind1=" " ind2=" " tag="035"><subfield code="a">(EXLNZ-41SLSP_NETWORK)991067469049705501</subfield></datafield><datafield ind1=" " ind2=" " tag="040"><subfield code="a">RERO geulan</subfield><subfield code="d">CH-ZuSLS</subfield></datafield><datafield ind1=" " ind2=" " tag="050"><subfield code="a">PS1999.H4226</subfield><subfield code="b">A6 1988</subfield></datafield><datafield ind1=" " ind2="4" tag="060"><subfield code="a">813.4 H795m</subfield></datafield><datafield ind1=" " ind2="4" tag="060"><subfield code="a">813.4 H795m</subfield></datafield><datafield ind1=" " ind2="7" tag="072"><subfield code="a">an</subfield><subfield code="2">rero</subfield></datafield><datafield ind1="0" ind2="0" tag="082"><subfield code="a">813/.4</subfield><subfield code="2">19</subfield></datafield><datafield ind1="0" ind2="4" tag="082"><subfield code="a">813.52</subfield></datafield><datafield ind1="0" ind2="4" tag="082"><subfield code="a">813'.52&lt;F&gt;</subfield></datafield><datafield ind1="1" ind2=" " tag="100"><subfield code="a">Hopkins, Pauline Elizabeth</subfield><subfield code="0">(RERO)A003382621</subfield><subfield code="4">cre</subfield></datafield><datafield ind1="1" ind2="0" tag="245"><subfield code="a">&lt;&lt;The&gt;&gt; magazine novels of Pauline Hopkins</subfield><subfield code="c">with an introd. by Hazel V. Carby</subfield></datafield><datafield ind1=" " ind2="1" tag="264"><subfield code="a">New York</subfield><subfield code="a">Oxford</subfield><subfield code="b">Oxford Univ. Press</subfield><subfield code="c">1988</subfield></datafield><datafield ind1=" " ind2=" " tag="300"><subfield code="a">L, 621 p.</subfield><subfield code="c">17 cm</subfield></datafield><datafield ind1=" " ind2=" " tag="336"><subfield code="b">txt</subfield><subfield code="2">rdacontent</subfield></datafield><datafield ind1=" " ind2=" " tag="337"><subfield code="b">n</subfield><subfield code="2">rdamedia</subfield></datafield><datafield ind1=" " ind2=" " tag="338"><subfield code="b">nc</subfield><subfield code="2">rdacarrier</subfield></datafield><datafield ind1="1" ind2=" " tag="490"><subfield code="a">The Schomburg library of nineteenth-century black women writers</subfield></datafield><datafield ind1=" " ind2=" " tag="500"><subfield code="a">Contient : Hagar's daughter ; Winona ; Of one blood</subfield></datafield><datafield ind1=" " ind2=" " tag="500"><subfield code="a">Bibliogr. p. XLVIII-L.</subfield></datafield><datafield ind1=" " ind2=" " tag="504"><subfield code="a">Bibliography: p. xlviii-l.</subfield></datafield><datafield ind1="0" ind2=" " tag="505"><subfield code="a">Hagar's daughter -- Winona -- Of one blood.</subfield></datafield><datafield ind1="1" ind2="7" tag="600"><subfield code="a">Hopkins, Pauline E.</subfield><subfield code="d">1859-1930</subfield><subfield code="0">(DE-588)119418789</subfield><subfield code="2">gnd</subfield></datafield><datafield ind1=" " ind2="7" tag="650"><subfield code="a">19e siècle</subfield><subfield code="0">(IDREF)027794059</subfield><subfield code="2">idref</subfield></datafield><datafield ind1=" " ind2="7" tag="650"><subfield code="a">Femmes écrivains</subfield><subfield code="0">(IDREF)027320618</subfield><subfield code="2">idref</subfield></datafield><datafield ind1=" " ind2="7" tag="650"><subfield code="a">Littérature afro-américaine</subfield><subfield code="0">(RERO)A027725618</subfield><subfield code="2">rero</subfield></datafield><datafield ind1=" " ind2="0" tag="650"><subfield code="a">African Americans</subfield><subfield code="v">Fiction</subfield></datafield><datafield ind1=" " ind2="7" tag="650"><subfield code="a">Fortsetzungsroman</subfield><subfield code="0">(DE-588)4155087-0</subfield><subfield code="2">gnd</subfield></datafield><datafield ind1=" " ind2="7" tag="650"><subfield code="a">Literatur</subfield><subfield code="0">(DE-588)4035964-5</subfield><subfield code="2">gnd</subfield></datafield><datafield ind1=" " ind2="7" tag="650"><subfield code="a">Schwarze</subfield><subfield code="0">(DE-588)4116433-7</subfield><subfield code="2">gnd</subfield></datafield><datafield ind1=" " ind2="0" tag="650"><subfield code="a">African American women</subfield><subfield code="v">Fiction</subfield></datafield><datafield ind1=" " ind2="0" tag="650"><subfield code="a">Fiction in English</subfield><subfield code="v">American writers, 1900-1945 - Texts</subfield></datafield><datafield ind1=" " ind2="7" tag="651"><subfield code="a">États-Unis</subfield><subfield code="0">(IDREF)027225488</subfield><subfield code="2">idref</subfield></datafield><datafield ind1=" " ind2="7" tag="651"><subfield code="a">USA</subfield><subfield code="0">(DE-588)4078704-7</subfield><subfield code="2">gnd</subfield></datafield><datafield ind1=" " ind2=" " tag="690"><subfield code="a">Novel ; Magazine ; Daughter ; Tale ; Caste ; Negro</subfield><subfield code="2">idssg-J</subfield></datafield><datafield ind1=" " ind2=" " tag="690"><subfield code="a">Oxford [100]; York [100]</subfield><subfield code="2">idssg-J</subfield></datafield><datafield ind1=" " ind2=" " tag="690"><subfield code="a">xxix; Hagar; Winona; CONTENTS</subfield><subfield code="2">idssg-J</subfield></datafield><datafield ind1="1" ind2=" " tag="700"><subfield code="a">Hopkins, Pauline E.</subfield><subfield code="d">1859-1930</subfield><subfield code="0">(DE-588)119418789</subfield></datafield><datafield ind1="1" ind2=" " tag="700"><subfield code="a">Hopkins, Pauline E.</subfield></datafield><datafield ind1="1" ind2=" " tag="700"><subfield code="a">Carby, Hazel V.</subfield><subfield code="0">(IDREF)029136008</subfield></datafield><datafield ind1="4" ind2=" " tag="856"><subfield code="u">https://tools.unisg.ch/url/hm00372766</subfield><subfield code="z">Inhaltsverzeichnis</subfield></datafield><datafield ind1=" " ind2="0" tag="830"><subfield code="a">&lt;&lt;The&gt;&gt; Schomburg library of nineteenth-century black women writers</subfield><subfield code="w">(RERO)1020974-41slsp</subfield></datafield><datafield ind1=" " ind2=" " tag="900"><subfield code="a">IDSZ2esmon201906l</subfield><subfield code="c">IDSZ2esch</subfield><subfield code="d">IDSZ2esswk201906k</subfield></datafield><datafield ind1=" " ind2=" " tag="900"><subfield code="a">IDSZRMedeaZBZ</subfield><subfield code="b">IDSZRSWK</subfield></datafield><datafield ind1=" " ind2=" " tag="911"><subfield code="a">100</subfield><subfield code="a">Hopkins, Pauline Elizabeth</subfield><subfield code="d">1859-1930</subfield></datafield><datafield ind1=" " ind2=" " tag="949"><subfield code="a">https://tools.unisg.ch/url/hm00372766</subfield></datafield></record>
</metadata></record>