<record><header><identifier>oai:alma.41SLSP_UGE:991000035349705502</identifier><datestamp>2024-10-05T00:14:23Z</datestamp><setSpec>uge_bcen_RapidILL_BOOK</setSpec><setSpec>uge_aaca_RapidILL_BOOK</setSpec><setSpec>uge_abels_RapidILL_BOOK</setSpec><setSpec>uge_dbu_RapidILL_BOOK</setSpec><setSpec>uge_cmu_RapidILL_BOOK</setSpec><setSpec>uge_mail_RapidILL_BOOK</setSpec><setSpec>uge_abbat_RapidILL_BOOK</setSpec><setSpec>UNIGE_ALL</setSpec><setSpec>uge_aobs_RapidILL_BOOK</setSpec><setSpec>uge_acar_RapidILL_BOOK</setSpec></header><metadata>
<record xmlns="http://www.loc.gov/MARC21/slim" xmlns:xsi="http://www.w3.org/2001/XMLSchema-instance" xsi:schemaLocation="http://www.loc.gov/MARC21/slim http://www.loc.gov/standards/marcxml/schema/MARC21slim.xsd"><leader>02472nam a2200373 c 4500</leader><controlfield tag="001">991000035349705502</controlfield><controlfield tag="005">20241004210520.0</controlfield><controlfield tag="008">201012s2004    sz ||||| m||| 00| ||fre d</controlfield><datafield ind1=" " ind2=" " tag="019"><subfield code="a">Cette notice décrit l'exemplaire de thèse</subfield><subfield code="5">RERO/geudbu/07.2004</subfield></datafield><datafield ind1=" " ind2=" " tag="035"><subfield code="a">(swissbib)241343410-41slsp_network</subfield></datafield><datafield ind1=" " ind2=" " tag="035"><subfield code="a">241343410</subfield><subfield code="9">ExL</subfield></datafield><datafield ind1=" " ind2=" " tag="035"><subfield code="a">(RERO)R003657920-41slsp</subfield></datafield><datafield ind1=" " ind2=" " tag="035"><subfield code="a">(NEBIS)004764752EBI01</subfield></datafield><datafield ind1=" " ind2=" " tag="035"><subfield code="a">(EXLNZ-41SLSP_NETWORK)991147341919705501</subfield></datafield><datafield ind1=" " ind2=" " tag="040"><subfield code="a">RERO geucmu</subfield><subfield code="d">CH-ZuSLS</subfield></datafield><datafield ind1=" " ind2=" " tag="044"><subfield code="a">sz</subfield><subfield code="c">ch-ge</subfield></datafield><datafield ind1=" " ind2="7" tag="072"><subfield code="a">me</subfield><subfield code="2">rero</subfield></datafield><datafield ind1="1" ind2=" " tag="100"><subfield code="a">Mendez-Gonzalez, Purificacion</subfield><subfield code="0">(RERO)A010246138</subfield><subfield code="4">cre</subfield></datafield><datafield ind1="1" ind2="0" tag="245"><subfield code="a">Différences de perception et de prise en charge de la fièvre chez l'enfant, par les parents et les professionnels de la santé</subfield><subfield code="c">par Purificacion Mendez-Gonzalez</subfield></datafield><datafield ind1=" " ind2="1" tag="264"><subfield code="a">Genève</subfield><subfield code="b">[éditeur non identifié]</subfield><subfield code="c">2004</subfield></datafield><datafield ind1=" " ind2=" " tag="300"><subfield code="a">51 f.</subfield><subfield code="b">ill.</subfield><subfield code="c">30 cm</subfield></datafield><datafield ind1=" " ind2=" " tag="336"><subfield code="b">txt</subfield><subfield code="2">rdacontent</subfield></datafield><datafield ind1=" " ind2=" " tag="337"><subfield code="b">n</subfield><subfield code="2">rdamedia</subfield></datafield><datafield ind1=" " ind2=" " tag="338"><subfield code="b">nc</subfield><subfield code="2">rdacarrier</subfield></datafield><datafield ind1=" " ind2=" " tag="502"><subfield code="a">Th. méd. Genève, 2004 ; Méd. 10372</subfield></datafield><datafield ind1=" " ind2=" " tag="508"><subfield code="a">Directrice de thèse: Professeure Susanne Suter</subfield></datafield><datafield ind1="8" ind2=" " tag="520"><subfield code="a">Notre objectif était d'analyser, dans une population pédiatrique, la façon dont le symptôme &quot;fièvre&quot; est perçu et pris en charge par les parents et les professionnels de la santé et d'évaluer l'utilisation des fébrifuges</subfield><subfield code="5">RERO/geudbu/07.2004</subfield></datafield><datafield ind1="8" ind2=" " tag="520"><subfield code="a">Une partie rétrospective de l'étude se basait sur 300 dossiers d'enfants hospitalisés, une partie prospective sur 736 questionnaires adressés aux parents et aux professionnels</subfield><subfield code="5">RERO/geudbu/07.2004</subfield></datafield><datafield ind1="8" ind2=" " tag="520"><subfield code="a">Parmi les résultats les plus relevants nous retenons que la fièvre est souvent source d'angoisses et en conséquence surtraitée. Le médicament le plus utilisé est le paracétamol, souvent surdosé tant par les parents que par les professionnels. Une surestimation des risques liés à la fièvre est aussi retrouvée dans la littérature</subfield><subfield code="5">RERO/geudbu/07.2004</subfield></datafield><datafield ind1="8" ind2=" " tag="520"><subfield code="a">En conclusion, notre étude nous inciterait à mieux informer la population générale et les professionnels de la santé afin d'éviter un recours systématique aux fébrifuges et de proposer des recommandations plus homogènes concernant le dosage du paracétamol, non exempt de toxicité</subfield><subfield code="5">RERO/geudbu/07.2004</subfield></datafield><datafield ind1=" " ind2="2" tag="655"><subfield code="a">Academic Dissertation</subfield></datafield><datafield ind1=" " ind2="7" tag="655"><subfield code="a">Hochschulschrift</subfield><subfield code="2">gnd-content</subfield></datafield><datafield ind1="4" ind2="1" tag="856"><subfield code="3">Ressource en ligne via RERO DOC</subfield><subfield code="u">http://doc.rero.ch/record/4409</subfield></datafield><datafield ind1=" " ind2=" " tag="900"><subfield code="a">REROnoselfmerge</subfield></datafield><datafield ind1=" " ind2=" " tag="900"><subfield code="a">IDSZ2zbzdis200408e</subfield><subfield code="c">IDSZ2meip</subfield><subfield code="d">IDSZ2zbzswk200408d</subfield></datafield></record>
</metadata></record>