<record><header><identifier>oai:alma.41SLSP_UGE:991000008399705502</identifier><datestamp>2023-03-31T00:18:26Z</datestamp><setSpec>uge_cmu_RapidILL_JOURNAL</setSpec><setSpec>uge_aobs_RapidILL_JOURNAL</setSpec><setSpec>uge_aaca_RapidILL_JOURNAL</setSpec><setSpec>uge_abbat_RapidILL_JOURNAL</setSpec><setSpec>uge_bcen_RapidILL_JOURNAL</setSpec><setSpec>uge_dbu_RapidILL_JOURNAL</setSpec><setSpec>uge_mail_RapidILL_JOURNAL</setSpec><setSpec>uge_abels_RapidILL_JOURNAL</setSpec><setSpec>UNIGE_ALL</setSpec><setSpec>uge_acar_RapidILL_JOURNAL</setSpec></header><metadata>
<record xmlns="http://www.loc.gov/MARC21/slim" xmlns:xsi="http://www.w3.org/2001/XMLSchema-instance" xsi:schemaLocation="http://www.loc.gov/MARC21/slim http://www.loc.gov/standards/marcxml/schema/MARC21slim.xsd"><leader>01191nas a2200313 c 4500</leader><controlfield tag="001">991000008399705502</controlfield><controlfield tag="005">20230330221638.0</controlfield><controlfield tag="008">201011d19321971ua || p|  ||| 0   |0fre d</controlfield><datafield ind1=" " ind2=" " tag="019"><subfield code="a">!!!Notices analytiques!!!</subfield><subfield code="5">RERO/gevbpu/04.2000</subfield></datafield><datafield ind1=" " ind2=" " tag="035"><subfield code="a">(swissbib)211656984-41slsp_network</subfield></datafield><datafield ind1=" " ind2=" " tag="035"><subfield code="a">211656984</subfield><subfield code="9">ExL</subfield></datafield><datafield ind1=" " ind2=" " tag="035"><subfield code="a">(RERO)1111969-41slsp</subfield></datafield><datafield ind1=" " ind2=" " tag="035"><subfield code="a">(NEBIS)006647837EBI01</subfield></datafield><datafield ind1=" " ind2=" " tag="035"><subfield code="a">(EXLNZ-41SLSP_NETWORK)991086144019705501</subfield></datafield><datafield ind1=" " ind2=" " tag="040"><subfield code="a">RERO frbcuc</subfield><subfield code="d">CH-ZuSLS</subfield></datafield><datafield ind1=" " ind2="7" tag="072"><subfield code="a">ar</subfield><subfield code="2">rero</subfield></datafield><datafield ind1="1" ind2=" " tag="080"><subfield code="a">87(093)</subfield></datafield><datafield ind1="0" ind2="0" tag="245"><subfield code="a">Etudes de papyrologie</subfield><subfield code="c">Société royale égyptienne de papyrologie</subfield></datafield><datafield ind1=" " ind2="1" tag="264"><subfield code="a">Le Caire</subfield><subfield code="b">Impr. de l'Institut français d'archéologie orientale</subfield></datafield><datafield ind1=" " ind2=" " tag="336"><subfield code="b">txt</subfield><subfield code="2">rdacontent</subfield></datafield><datafield ind1=" " ind2=" " tag="337"><subfield code="b">n</subfield><subfield code="2">rdamedia</subfield></datafield><datafield ind1=" " ind2=" " tag="338"><subfield code="b">nc</subfield><subfield code="2">rdacarrier</subfield></datafield><datafield ind1="0" ind2=" " tag="362"><subfield code="a">1(1932)-6(1940) ; 7(1948) ; 8(1957) ; 9(1971)</subfield></datafield><datafield ind1=" " ind2=" " tag="500"><subfield code="a">Hrsg. 1-4: Société Royale Egyptienne de Papyrologie; 5-7: Société Fouad Ier de Papyrologie</subfield></datafield><datafield ind1=" " ind2="7" tag="650"><subfield code="a">Papyrologie</subfield><subfield code="0">(IDREF)027841472</subfield><subfield code="2">idref</subfield></datafield><datafield ind1=" " ind2="7" tag="655"><subfield code="a">[Études diverses]</subfield><subfield code="0">(RERO)A022249905</subfield><subfield code="2">rero</subfield></datafield><datafield ind1="2" ind2=" " tag="710"><subfield code="a">Société royale égyptienne de papyrologie</subfield><subfield code="g">Le Caire</subfield><subfield code="0">(IDREF)057885982</subfield></datafield><datafield ind1=" " ind2=" " tag="900"><subfield code="a">REROnoselfmerge</subfield></datafield><datafield ind1=" " ind2=" " tag="900"><subfield code="a">IDSZ2zbzzss201109r</subfield><subfield code="c">IDSZ2muew</subfield></datafield><datafield ind1=" " ind2=" " tag="900"><subfield code="a">NEBISnoselfmerge</subfield></datafield></record>
</metadata></record>