<record><header><identifier>oai:alma.41SLSP_UGE:991000035869705502</identifier><datestamp>2023-04-11T00:11:17Z</datestamp><setSpec>uge_bcen_RapidILL_BOOK</setSpec><setSpec>uge_aaca_RapidILL_BOOK</setSpec><setSpec>uge_abels_RapidILL_BOOK</setSpec><setSpec>uge_dbu_RapidILL_BOOK</setSpec><setSpec>uge_cmu_RapidILL_BOOK</setSpec><setSpec>uge_mail_RapidILL_BOOK</setSpec><setSpec>uge_abbat_RapidILL_BOOK</setSpec><setSpec>UNIGE_ALL</setSpec><setSpec>uge_acar_RapidILL_BOOK</setSpec><setSpec>uge_aobs_RapidILL_BOOK</setSpec></header><metadata>
<record xmlns="http://www.loc.gov/MARC21/slim" xmlns:xsi="http://www.w3.org/2001/XMLSchema-instance" xsi:schemaLocation="http://www.loc.gov/MARC21/slim http://www.loc.gov/standards/marcxml/schema/MARC21slim.xsd"><leader>02134nam a2200505 c 4500</leader><controlfield tag="001">991000035869705502</controlfield><controlfield tag="005">20230410205856.0</controlfield><controlfield tag="008">201011s2010    fr ||||| |||| 00| ||fre d</controlfield><datafield ind1=" " ind2=" " tag="020"><subfield code="a">9782812400971</subfield><subfield code="c">26 €</subfield></datafield><datafield ind1=" " ind2=" " tag="020"><subfield code="a">2812400978</subfield></datafield><datafield ind1=" " ind2=" " tag="035"><subfield code="a">(swissbib)222725052-41slsp_network</subfield></datafield><datafield ind1=" " ind2=" " tag="035"><subfield code="a">222725052</subfield><subfield code="9">ExL</subfield></datafield><datafield ind1=" " ind2=" " tag="035"><subfield code="a">(RERO)R005472281-41slsp</subfield></datafield><datafield ind1=" " ind2=" " tag="035"><subfield code="a">(IDSBB)005634572DSV01</subfield></datafield><datafield ind1=" " ind2=" " tag="035"><subfield code="a">(NEBIS)006519250EBI01</subfield></datafield><datafield ind1=" " ind2=" " tag="035"><subfield code="a">(OCoLC)705774259</subfield></datafield><datafield ind1=" " ind2=" " tag="035"><subfield code="a">(EXLNZ-41SLSP_NETWORK)991049083659705501</subfield></datafield><datafield ind1=" " ind2=" " tag="040"><subfield code="a">RERO geulfr</subfield><subfield code="d">CH-ZuSLS</subfield></datafield><datafield ind1=" " ind2="7" tag="072"><subfield code="a">fr</subfield><subfield code="2">rero</subfield></datafield><datafield ind1=" " ind2="7" tag="072"><subfield code="a">fl</subfield><subfield code="2">SzZuIDS BS/BE</subfield></datafield><datafield ind1="0" ind2="4" tag="082"><subfield code="a">843.5</subfield><subfield code="2">22</subfield></datafield><datafield ind1="0" ind2="4" tag="082"><subfield code="a">840</subfield></datafield><datafield ind1="1" ind2="4" tag="082"><subfield code="a">840</subfield><subfield code="2">15</subfield></datafield><datafield ind1="1" ind2=" " tag="100"><subfield code="a">Mouhy, Charles de Fieux &lt;&lt;de&gt;&gt;</subfield><subfield code="d">1701-1784</subfield><subfield code="0">(DE-588)104056444</subfield><subfield code="6">880-01</subfield></datafield><datafield ind1="1" ind2=" " tag="880"><subfield code="6">100-01</subfield><subfield code="a">Mouhy, Charles de Fieux</subfield><subfield code="c">chevalier de</subfield><subfield code="d">1701-1784</subfield><subfield code="0">(IDREF)028267281</subfield><subfield code="4">cre</subfield></datafield><datafield ind1="1" ind2="0" tag="245"><subfield code="a">&lt;&lt;La&gt;&gt; mouche, ou, Les espiègleries et aventures galantes de Bigand</subfield><subfield code="c">Chevalier de Mouhy ; éd. critique par René Démoris ... [ et al.]</subfield></datafield><datafield ind1="1" ind2="4" tag="246"><subfield code="a">&lt;&lt;La&gt;&gt; mouche, ou, Les aventures de M. Bigand</subfield></datafield><datafield ind1=" " ind2="1" tag="264"><subfield code="a">Paris</subfield><subfield code="b">Classiques Garnier</subfield><subfield code="c">2010</subfield></datafield><datafield ind1=" " ind2=" " tag="300"><subfield code="a">662 p.</subfield></datafield><datafield ind1=" " ind2=" " tag="336"><subfield code="b">txt</subfield><subfield code="2">rdacontent</subfield></datafield><datafield ind1=" " ind2=" " tag="337"><subfield code="b">n</subfield><subfield code="2">rdamedia</subfield></datafield><datafield ind1=" " ind2=" " tag="338"><subfield code="b">nc</subfield><subfield code="2">rdacarrier</subfield></datafield><datafield ind1="1" ind2=" " tag="490"><subfield code="a">Bibliothèque du XVIIIe siècle</subfield><subfield code="v">2</subfield></datafield><datafield ind1=" " ind2=" " tag="504"><subfield code="a">Includes bibliographical references (p. [651]-655)</subfield></datafield><datafield ind1="1" ind2="7" tag="600"><subfield code="a">Mouhy, Charles de Fieux &lt;&lt;de&gt;&gt;</subfield><subfield code="d">1701-1784</subfield><subfield code="t">&lt;&lt;La&gt;&gt; Mouche ou les aventures de Bigand</subfield><subfield code="0">(DE-588)7745826-6</subfield><subfield code="2">gnd</subfield></datafield><datafield ind1=" " ind2="7" tag="650"><subfield code="a">Roman</subfield><subfield code="2">idszbz</subfield></datafield><datafield ind1=" " ind2="7" tag="650"><subfield code="a">Französisch</subfield><subfield code="2">idszbz</subfield></datafield><datafield ind1=" " ind2="0" tag="650"><subfield code="a">French fiction</subfield><subfield code="y">18th century</subfield></datafield><datafield ind1=" " ind2="7" tag="655"><subfield code="a">Kritische Ausgabe</subfield><subfield code="2">idszbz</subfield></datafield><datafield ind1="1" ind2=" " tag="700"><subfield code="a">Démoris, René</subfield><subfield code="d">1935-....</subfield><subfield code="0">(IDREF)026823535</subfield></datafield><datafield ind1="4" ind2=" " tag="856"><subfield code="3">Titelblatt und Inhaltsverzeichnis</subfield><subfield code="u">https://toc.library.ethz.ch/objects/pdf/z01_978-2-8124-0097-1_01.pdf</subfield><subfield code="q">pdf</subfield></datafield><datafield ind1=" " ind2="0" tag="830"><subfield code="a">Bibliothèque du XVIIIe siècle</subfield><subfield code="v">2</subfield><subfield code="w">(NEBIS)006178723EBI01</subfield></datafield><datafield ind1=" " ind2="0" tag="830"><subfield code="a">Bibliothèque du XVIIIe siècle</subfield><subfield code="v">2</subfield><subfield code="w">(IDSBB)005311765DSV01</subfield></datafield><datafield ind1=" " ind2="0" tag="830"><subfield code="a">Bibliothèque du XVIIIe siècle</subfield><subfield code="v">2</subfield><subfield code="w">(RERO)R005480547-41slsp</subfield></datafield><datafield ind1=" " ind2=" " tag="900"><subfield code="a">IDSZ2zbzmon201110f</subfield><subfield code="c">IDSZ2baeh</subfield><subfield code="d">IDSZ2zbzswk201112b</subfield><subfield code="e">IDSZ2lanz</subfield></datafield><datafield ind1=" " ind2=" " tag="949"><subfield code="a">https://toc.library.ethz.ch/objects/pdf/z01_978-2-8124-0097-1_01.pdf</subfield></datafield></record>
</metadata></record>