<record><header><identifier>oai:alma.41SLSP_UGE:991000008919705502</identifier><datestamp>2024-05-18T01:54:40Z</datestamp><setSpec>uge_bcen_RapidILL_BOOK</setSpec><setSpec>uge_aaca_RapidILL_BOOK</setSpec><setSpec>uge_abels_RapidILL_BOOK</setSpec><setSpec>uge_dbu_RapidILL_BOOK</setSpec><setSpec>uge_cmu_RapidILL_BOOK</setSpec><setSpec>uge_mail_RapidILL_BOOK</setSpec><setSpec>uge_abbat_RapidILL_BOOK</setSpec><setSpec>UNIGE_ALL</setSpec><setSpec>uge_acar_RapidILL_BOOK</setSpec><setSpec>uge_aobs_RapidILL_BOOK</setSpec></header><metadata>
<record xmlns="http://www.loc.gov/MARC21/slim" xmlns:xsi="http://www.w3.org/2001/XMLSchema-instance" xsi:schemaLocation="http://www.loc.gov/MARC21/slim http://www.loc.gov/standards/marcxml/schema/MARC21slim.xsd"><leader>01448nam a2200433 c 4500</leader><controlfield tag="001">991000008919705502</controlfield><controlfield tag="005">20201229230426.0</controlfield><controlfield tag="008">201011s1977    xxu||||| |||| 00| ||eng d</controlfield><datafield ind1=" " ind2=" " tag="020"><subfield code="a">0820304085</subfield></datafield><datafield ind1="7" ind2=" " tag="024"><subfield code="a">http://catalogue.bnf.fr/ark:/12148/cb35444064s</subfield><subfield code="2">uri</subfield></datafield><datafield ind1=" " ind2=" " tag="035"><subfield code="a">(swissbib)218100760-41slsp_network</subfield></datafield><datafield ind1=" " ind2=" " tag="035"><subfield code="a">218100760</subfield><subfield code="9">ExL</subfield></datafield><datafield ind1=" " ind2=" " tag="035"><subfield code="a">(RERO)0132554-41slsp</subfield></datafield><datafield ind1=" " ind2=" " tag="035"><subfield code="a">(NEBIS)005882862EBI01</subfield></datafield><datafield ind1=" " ind2=" " tag="035"><subfield code="a">(IDSBB)001731652DSV01</subfield></datafield><datafield ind1=" " ind2=" " tag="035"><subfield code="a">(EXLNZ-41SLSP_NETWORK)991130682569705501</subfield></datafield><datafield ind1=" " ind2=" " tag="040"><subfield code="a">RERO</subfield><subfield code="d">CH-ZuSLS</subfield></datafield><datafield ind1=" " ind2="7" tag="072"><subfield code="a">an</subfield><subfield code="2">rero</subfield></datafield><datafield ind1=" " ind2="7" tag="072"><subfield code="a">al</subfield><subfield code="2">SzZuIDS BS/BE</subfield></datafield><datafield ind1="0" ind2="4" tag="082"><subfield code="a">823/.9/1209</subfield></datafield><datafield ind1="1" ind2="4" tag="082"><subfield code="a">800</subfield><subfield code="2">15</subfield></datafield><datafield ind1="1" ind2=" " tag="100"><subfield code="a">Nettels, Elsa</subfield><subfield code="0">(RERO)A003635630</subfield><subfield code="4">cre</subfield></datafield><datafield ind1="1" ind2="0" tag="245"><subfield code="a">James and Conrad</subfield><subfield code="c">Elsa Nettels</subfield></datafield><datafield ind1=" " ind2="1" tag="264"><subfield code="a">Athens</subfield><subfield code="b">The Univ. of Georgia Press</subfield><subfield code="c">[1977]</subfield></datafield><datafield ind1=" " ind2="4" tag="264"><subfield code="c">© 1977</subfield></datafield><datafield ind1=" " ind2=" " tag="300"><subfield code="a">XI, 289 p.</subfield><subfield code="c">24 cm</subfield></datafield><datafield ind1=" " ind2=" " tag="336"><subfield code="b">txt</subfield><subfield code="2">rdacontent</subfield></datafield><datafield ind1=" " ind2=" " tag="337"><subfield code="b">n</subfield><subfield code="2">rdamedia</subfield></datafield><datafield ind1=" " ind2=" " tag="338"><subfield code="b">nc</subfield><subfield code="2">rdacarrier</subfield></datafield><datafield ind1="1" ind2=" " tag="490"><subfield code="a">South Atlantic Modern Language Association award study</subfield></datafield><datafield ind1="1" ind2="7" tag="600"><subfield code="a">Conrad, Joseph</subfield><subfield code="d">1857-1924</subfield><subfield code="0">(IDREF)027286371</subfield><subfield code="2">idref</subfield></datafield><datafield ind1="1" ind2="7" tag="600"><subfield code="a">James, Henry</subfield><subfield code="c">écrivain</subfield><subfield code="d">1843-1916</subfield><subfield code="0">(IDREF)026934612</subfield><subfield code="2">idref</subfield></datafield><datafield ind1="1" ind2="0" tag="600"><subfield code="a">Conrad, Joseph</subfield><subfield code="d">1857-1924</subfield></datafield><datafield ind1="1" ind2="0" tag="600"><subfield code="a">James, Henry</subfield><subfield code="d">1843-1916</subfield></datafield><datafield ind1=" " ind2="7" tag="650"><subfield code="a">Roman</subfield><subfield code="0">(DE-588)4050479-7</subfield><subfield code="2">gnd</subfield></datafield><datafield ind1=" " ind2=" " tag="830"><subfield code="a">South Atlantic Modern Language Association Award Study</subfield><subfield code="w">(RERO)0131714-41slsp</subfield></datafield><datafield ind1=" " ind2=" " tag="900"><subfield code="a">REROnoselfmerge</subfield></datafield><datafield ind1=" " ind2=" " tag="900"><subfield code="a">IDSZ2esmon200909r</subfield><subfield code="c">IDSZ2fumo</subfield></datafield><datafield ind1=" " ind2=" " tag="900"><subfield code="a">IDSZRMedeaZBZ</subfield><subfield code="b">IDSZRSWK</subfield></datafield><datafield ind1=" " ind2=" " tag="900"><subfield code="f">IDSU2medea</subfield></datafield></record>
</metadata></record>