<record><header><identifier>oai:alma.41SLSP_UGE:991000008709705502</identifier><datestamp>2023-03-01T01:08:47Z</datestamp><setSpec>uge_bcen_RapidILL_BOOK</setSpec><setSpec>uge_aaca_RapidILL_BOOK</setSpec><setSpec>uge_abels_RapidILL_BOOK</setSpec><setSpec>uge_dbu_RapidILL_BOOK</setSpec><setSpec>uge_cmu_RapidILL_BOOK</setSpec><setSpec>uge_mail_RapidILL_BOOK</setSpec><setSpec>UNIGE_ALL</setSpec><setSpec>uge_abbat_RapidILL_BOOK</setSpec><setSpec>uge_aobs_RapidILL_BOOK</setSpec><setSpec>uge_acar_RapidILL_BOOK</setSpec></header><metadata>
<record xmlns="http://www.loc.gov/MARC21/slim" xmlns:xsi="http://www.w3.org/2001/XMLSchema-instance" xsi:schemaLocation="http://www.loc.gov/MARC21/slim http://www.loc.gov/standards/marcxml/schema/MARC21slim.xsd"><leader>01056nam a2200289 c 4500</leader><controlfield tag="001">991000008709705502</controlfield><controlfield tag="005">20210206211046.0</controlfield><controlfield tag="008">901126s1982    it ||||| |||| 00| ||ita d</controlfield><datafield ind1=" " ind2=" " tag="035"><subfield code="a">(swissbib)085140996-41slsp_network</subfield></datafield><datafield ind1=" " ind2=" " tag="035"><subfield code="a">085140996</subfield><subfield code="9">ExL</subfield></datafield><datafield ind1=" " ind2=" " tag="035"><subfield code="a">(RERO)1313896-41slsp</subfield></datafield><datafield ind1=" " ind2=" " tag="035"><subfield code="a">(EXLNZ-41SLSP_NETWORK)991100019919705501</subfield></datafield><datafield ind1=" " ind2=" " tag="040"><subfield code="a">RERO labcud</subfield><subfield code="d">CH-ZuSLS</subfield></datafield><datafield ind1=" " ind2="7" tag="072"><subfield code="a">ar</subfield><subfield code="2">rero</subfield></datafield><datafield ind1=" " ind2="7" tag="072"><subfield code="a">ha</subfield><subfield code="2">rero</subfield></datafield><datafield ind1="1" ind2=" " tag="100"><subfield code="a">Picotti, Giuseppe</subfield><subfield code="d">1756-18??</subfield><subfield code="0">(IDREF)135676185</subfield><subfield code="4">cre</subfield></datafield><datafield ind1="1" ind2="0" tag="245"><subfield code="a">Etruria sconosciuta</subfield><subfield code="c">Giuseppe Picotti.</subfield><subfield code="n">2</subfield><subfield code="p">Baschi dagli Etruschi ai &quot;Sanates&quot; ai Goti. : Appendice</subfield><subfield code="p">&quot;Lex Tudertina&quot; / di Mario de Dominicis</subfield></datafield><datafield ind1=" " ind2="1" tag="264"><subfield code="a">Todi</subfield><subfield code="b">Res Tudertinae</subfield><subfield code="c">1982</subfield></datafield><datafield ind1=" " ind2=" " tag="300"><subfield code="a">67 p.</subfield><subfield code="b">ill.</subfield><subfield code="c">24 cm</subfield></datafield><datafield ind1=" " ind2=" " tag="336"><subfield code="b">txt</subfield><subfield code="2">rdacontent</subfield></datafield><datafield ind1=" " ind2=" " tag="337"><subfield code="b">n</subfield><subfield code="2">rdamedia</subfield></datafield><datafield ind1=" " ind2=" " tag="338"><subfield code="b">nc</subfield><subfield code="2">rdacarrier</subfield></datafield><datafield ind1="1" ind2=" " tag="490"><subfield code="a">Res Tudertinae</subfield><subfield code="v">26</subfield></datafield><datafield ind1="1" ind2="2" tag="700"><subfield code="a">Dominicis, Mario Antonio de</subfield><subfield code="t">Ancora sul &quot;Fragmentum Tudertinum&quot;</subfield></datafield><datafield ind1="1" ind2=" " tag="700"><subfield code="a">Dominicis, Mario Antonio de</subfield></datafield><datafield ind1=" " ind2="0" tag="830"><subfield code="a">Res Tudertinae</subfield><subfield code="v">26</subfield><subfield code="w">(RERO)0293418-41slsp</subfield></datafield><datafield ind1="1" ind2=" " tag="800"><subfield code="a">Picotti, Giuseppe</subfield><subfield code="t">Etruria sconosciuta</subfield><subfield code="v">2</subfield><subfield code="w">(RERO)0293401-41slsp</subfield></datafield><datafield ind1=" " ind2=" " tag="900"><subfield code="a">REROnoselfmerge</subfield></datafield></record>
</metadata></record>