<record><header><identifier>oai:alma.41SLSP_UGE:991000008499705502</identifier><datestamp>2024-03-20T01:54:01Z</datestamp><setSpec>uge_bcen_RapidILL_BOOK</setSpec><setSpec>uge_aaca_RapidILL_BOOK</setSpec><setSpec>uge_abels_RapidILL_BOOK</setSpec><setSpec>uge_dbu_RapidILL_BOOK</setSpec><setSpec>uge_cmu_RapidILL_BOOK</setSpec><setSpec>uge_mail_RapidILL_BOOK</setSpec><setSpec>uge_abbat_RapidILL_BOOK</setSpec><setSpec>UNIGE_ALL</setSpec><setSpec>uge_acar_RapidILL_BOOK</setSpec><setSpec>uge_aobs_RapidILL_BOOK</setSpec></header><metadata>
<record xmlns="http://www.loc.gov/MARC21/slim" xmlns:xsi="http://www.w3.org/2001/XMLSchema-instance" xsi:schemaLocation="http://www.loc.gov/MARC21/slim http://www.loc.gov/standards/marcxml/schema/MARC21slim.xsd"><leader>00989nam a2200253 c 4500</leader><controlfield tag="001">991000008499705502</controlfield><controlfield tag="005">20240319224351.0</controlfield><controlfield tag="008">000926s1795    gw ||||| |||| 00| ||ger d</controlfield><datafield ind1=" " ind2=" " tag="035"><subfield code="a">(swissbib)081408358-41slsp_network</subfield></datafield><datafield ind1=" " ind2=" " tag="035"><subfield code="a">081408358</subfield><subfield code="9">ExL</subfield></datafield><datafield ind1=" " ind2=" " tag="035"><subfield code="a">(RERO)0794734-41slsp</subfield></datafield><datafield ind1=" " ind2=" " tag="035"><subfield code="a">(EXLNZ-41SLSP_NETWORK)991085273369705501</subfield></datafield><datafield ind1=" " ind2=" " tag="040"><subfield code="a">RERO geudbu</subfield><subfield code="d">CH-ZuSLS</subfield></datafield><datafield ind1=" " ind2="7" tag="072"><subfield code="a">al</subfield><subfield code="2">rero</subfield></datafield><datafield ind1="1" ind2=" " tag="100"><subfield code="a">Wieland, Christoph Martin</subfield><subfield code="d">1733-1813</subfield><subfield code="0">(IDREF)028060601</subfield><subfield code="4">cre</subfield></datafield><datafield ind1="1" ind2="0" tag="245"><subfield code="a">C.M. Wielands Sämmtliche Werke</subfield><subfield code="n">Bd. 13</subfield><subfield code="p">Nachlass des Diogenes von Sinope</subfield><subfield code="b">Gedanken über eine alte Aufschrift</subfield></datafield><datafield ind1=" " ind2="1" tag="264"><subfield code="a">Leipzig</subfield><subfield code="b">bey Georg Joachim Göschen</subfield><subfield code="c">1795</subfield></datafield><datafield ind1=" " ind2=" " tag="300"><subfield code="a">35, 291 p.</subfield><subfield code="c">18 cm</subfield></datafield><datafield ind1=" " ind2=" " tag="336"><subfield code="b">txt</subfield><subfield code="2">rdacontent</subfield></datafield><datafield ind1=" " ind2=" " tag="337"><subfield code="b">n</subfield><subfield code="2">rdamedia</subfield></datafield><datafield ind1=" " ind2=" " tag="338"><subfield code="b">nc</subfield><subfield code="2">rdacarrier</subfield></datafield><datafield ind1="1" ind2="2" tag="700"><subfield code="a">Wieland, Christoph Martin</subfield><subfield code="t">Nachlass des Diogenes von Sinope</subfield></datafield><datafield ind1="1" ind2="2" tag="700"><subfield code="a">Wieland, Christoph Martin</subfield><subfield code="t">Gedanken über eine alte Aufschrift</subfield></datafield><datafield ind1="1" ind2=" " tag="800"><subfield code="a">Wieland, Christoph Martin</subfield><subfield code="t">C.M. Wielands sämmtliche Werke</subfield><subfield code="v">13</subfield></datafield><datafield ind1=" " ind2=" " tag="900"><subfield code="a">REROswissbibnomerge</subfield></datafield></record>
</metadata></record>