<record><header><identifier>oai:alma.41SLSP_UGE:991000009229705502</identifier><datestamp>2023-06-30T00:17:54Z</datestamp><setSpec>uge_bcen_RapidILL_BOOK</setSpec><setSpec>uge_aaca_RapidILL_BOOK</setSpec><setSpec>uge_abels_RapidILL_BOOK</setSpec><setSpec>uge_dbu_RapidILL_BOOK</setSpec><setSpec>uge_cmu_RapidILL_BOOK</setSpec><setSpec>uge_mail_RapidILL_BOOK</setSpec><setSpec>uge_abbat_RapidILL_BOOK</setSpec><setSpec>UNIGE_ALL</setSpec><setSpec>uge_aobs_RapidILL_BOOK</setSpec><setSpec>uge_acar_RapidILL_BOOK</setSpec></header><metadata>
<record xmlns="http://www.loc.gov/MARC21/slim" xmlns:xsi="http://www.w3.org/2001/XMLSchema-instance" xsi:schemaLocation="http://www.loc.gov/MARC21/slim http://www.loc.gov/standards/marcxml/schema/MARC21slim.xsd"><leader>01723naa a2200313 c 4500</leader><controlfield tag="001">991000009229705502</controlfield><controlfield tag="005">20230629194311.0</controlfield><controlfield tag="008">891110s1989    sz ||||| |||| 00| ||ita d</controlfield><datafield ind1=" " ind2=" " tag="035"><subfield code="a">(swissbib)084200197-41slsp_network</subfield></datafield><datafield ind1=" " ind2=" " tag="035"><subfield code="a">084200197</subfield><subfield code="9">ExL</subfield></datafield><datafield ind1=" " ind2=" " tag="035"><subfield code="a">(RERO)1174808-41slsp</subfield></datafield><datafield ind1=" " ind2=" " tag="035"><subfield code="a">(EXLNZ-41SLSP_NETWORK)991005897399705501</subfield></datafield><datafield ind1=" " ind2=" " tag="040"><subfield code="a">RERO geubfd</subfield><subfield code="d">CH-ZuSLS</subfield></datafield><datafield ind1=" " ind2=" " tag="044"><subfield code="a">sz</subfield><subfield code="c">ch-ti</subfield></datafield><datafield ind1=" " ind2="7" tag="072"><subfield code="a">dr</subfield><subfield code="2">rero</subfield></datafield><datafield ind1=" " ind2=" " tag="084"><subfield code="a">CA/CH-TI 56 i</subfield><subfield code="2">cjurrom</subfield></datafield><datafield ind1=" " ind2=" " tag="084"><subfield code="a">CA/CH-TI 44 i</subfield><subfield code="2">cjurrom</subfield></datafield><datafield ind1="1" ind2=" " tag="100"><subfield code="a">Borghi, Marco</subfield><subfield code="d">1946-....</subfield><subfield code="0">(IDREF)034292837</subfield><subfield code="4">cre</subfield></datafield><datafield ind1="1" ind2="0" tag="245"><subfield code="a">Efficienza e legislazione sociale</subfield><subfield code="b">l'esempio ticinese</subfield><subfield code="c">Marco Borghi</subfield></datafield><datafield ind1=" " ind2=" " tag="336"><subfield code="b">txt</subfield><subfield code="2">rdacontent</subfield></datafield><datafield ind1=" " ind2=" " tag="337"><subfield code="b">n</subfield><subfield code="2">rdamedia</subfield></datafield><datafield ind1=" " ind2=" " tag="338"><subfield code="b">nc</subfield><subfield code="2">rdacarrier</subfield></datafield><datafield ind1=" " ind2=" " tag="500"><subfield code="a">Riassunti in francese e tedesco</subfield></datafield><datafield ind1=" " ind2=" " tag="580"><subfield code="a">In: Problemi giuridici dell'ordinamento economico attuale. - Lugano : Banca del Gottardo, 1989. - P. 53-72</subfield></datafield><datafield ind1=" " ind2="7" tag="650"><subfield code="a">Staatswissenschaft</subfield><subfield code="9">ger</subfield><subfield code="0">(RERO)jurivoc000021210ger</subfield><subfield code="2">jurivoc</subfield></datafield><datafield ind1=" " ind2="7" tag="650"><subfield code="a">Wirtschaft</subfield><subfield code="9">ger</subfield><subfield code="0">(RERO)jurivoc000026671ger</subfield><subfield code="2">jurivoc</subfield></datafield><datafield ind1=" " ind2="7" tag="650"><subfield code="a">Droit social</subfield><subfield code="0">(IDREF)027466914</subfield><subfield code="2">idref</subfield></datafield><datafield ind1=" " ind2="7" tag="650"><subfield code="a">Efficacité</subfield><subfield code="0">(IDREF)031210147</subfield><subfield code="2">idref</subfield></datafield><datafield ind1=" " ind2="7" tag="651"><subfield code="a">Tessin (Suisse)</subfield><subfield code="0">(IDREF)027264424</subfield><subfield code="2">idref</subfield></datafield><datafield ind1="0" ind2=" " tag="773"><subfield code="t">Problemi giuridici dell'ordinamento economico attuale : contributi di docenti universitari ticinesi in occasione della 88ma Assemblea annuale della FSA, Lugano, 9/10 giugno 1989 = Aspects juridiques de l'organisation économique actuelle : contributions de professeurs universitaires tessinois pour la 88ème Assemblée annuelle de la FSA Lugano, le 9/10 juin 1989 = Rechtsprobleme der heutigen Wirtschaftsordnung : Beiträge von Tessiner Hochschuldozenten für die 88. Jahresversammlung der SAV, Lugano, den 9./10. Juni 1989</subfield><subfield code="g">P. 53-72</subfield><subfield code="w">(RERO)1171932-41slsp</subfield></datafield></record>
</metadata></record>