<record><header><identifier>oai:alma.41SLSP_UGE:991000009019705502</identifier><datestamp>2023-03-01T01:08:47Z</datestamp><setSpec>UNIGE_ALL</setSpec></header><metadata>
<record xmlns="http://www.loc.gov/MARC21/slim" xmlns:xsi="http://www.w3.org/2001/XMLSchema-instance" xsi:schemaLocation="http://www.loc.gov/MARC21/slim http://www.loc.gov/standards/marcxml/schema/MARC21slim.xsd"><leader>01046ngm a2200301 c 4500</leader><controlfield tag="001">991000009019705502</controlfield><controlfield tag="005">20201225184320.0</controlfield><controlfield tag="007">gs ||||||</controlfield><controlfield tag="008">870929s1960    ru ||| |          s|fre d</controlfield><datafield ind1=" " ind2=" " tag="035"><subfield code="a">(swissbib)082105413-41slsp_network</subfield></datafield><datafield ind1=" " ind2=" " tag="035"><subfield code="a">082105413</subfield><subfield code="9">ExL</subfield></datafield><datafield ind1=" " ind2=" " tag="035"><subfield code="a">(RERO)0889779-41slsp</subfield></datafield><datafield ind1=" " ind2=" " tag="035"><subfield code="a">(EXLNZ-41SLSP_NETWORK)991081612599705501</subfield></datafield><datafield ind1=" " ind2=" " tag="040"><subfield code="a">RERO geumed</subfield><subfield code="d">CH-ZuSLS</subfield></datafield><datafield ind1="1" ind2=" " tag="041"><subfield code="a">fre</subfield><subfield code="h">rus</subfield></datafield><datafield ind1=" " ind2="7" tag="072"><subfield code="a">ba</subfield><subfield code="2">rero</subfield></datafield><datafield ind1="1" ind2=" " tag="100"><subfield code="a">Brûllov, Karl Pavlovič</subfield><subfield code="d">1799-1852</subfield><subfield code="0">(IDREF)055319157</subfield><subfield code="4">cre</subfield></datafield><datafield ind1="1" ind2="0" tag="245"><subfield code="a">Nymphe</subfield><subfield code="b">dessin [pour la composition &quot;Guilas se laissant entraîner par des nymphes dans l'eau&quot;]</subfield><subfield code="c">Karl Pavlovič Brullov</subfield></datafield><datafield ind1=" " ind2="1" tag="264"><subfield code="a">Moskva</subfield><subfield code="b">Agenstvo pečati Novosti [prod.]</subfield><subfield code="c">[1960?]</subfield></datafield><datafield ind1=" " ind2=" " tag="300"><subfield code="a">1 DIAPOSITIVE</subfield><subfield code="b">couleur</subfield><subfield code="c">5 x 5 cm</subfield></datafield><datafield ind1=" " ind2=" " tag="336"><subfield code="b">sti</subfield><subfield code="2">rdacontent</subfield></datafield><datafield ind1=" " ind2=" " tag="337"><subfield code="b">g</subfield><subfield code="2">rdamedia</subfield></datafield><datafield ind1=" " ind2=" " tag="338"><subfield code="b">gs</subfield><subfield code="2">rdacarrier</subfield></datafield><datafield ind1=" " ind2=" " tag="500"><subfield code="a">Numéro de référence: 71-627</subfield></datafield><datafield ind1=" " ind2=" " tag="500"><subfield code="a">Traduit de: Nimfa : risunok</subfield></datafield><datafield ind1=" " ind2=" " tag="500"><subfield code="a">Peint en 1827-1828</subfield></datafield><datafield ind1=" " ind2=" " tag="500"><subfield code="a">Crayon italien sur papier ; 31,5 x 22,5 cm</subfield></datafield><datafield ind1=" " ind2=" " tag="500"><subfield code="a">Galerie Trétiakov, Moscou</subfield></datafield><datafield ind1=" " ind2=" " tag="900"><subfield code="a">REROnoselfmerge</subfield></datafield></record>
</metadata></record>