<record><header><identifier>oai:alma.41SLSP_UGE:991000008289705502</identifier><datestamp>2023-05-03T00:50:00Z</datestamp><setSpec>uge_bcen_RapidILL_BOOK</setSpec><setSpec>uge_aaca_RapidILL_BOOK</setSpec><setSpec>uge_abels_RapidILL_BOOK</setSpec><setSpec>uge_dbu_RapidILL_BOOK</setSpec><setSpec>uge_cmu_RapidILL_BOOK</setSpec><setSpec>uge_mail_RapidILL_BOOK</setSpec><setSpec>uge_abbat_RapidILL_BOOK</setSpec><setSpec>UNIGE_ALL</setSpec><setSpec>uge_acar_RapidILL_BOOK</setSpec><setSpec>uge_aobs_RapidILL_BOOK</setSpec></header><metadata>
<record xmlns="http://www.loc.gov/MARC21/slim" xmlns:xsi="http://www.w3.org/2001/XMLSchema-instance" xsi:schemaLocation="http://www.loc.gov/MARC21/slim http://www.loc.gov/standards/marcxml/schema/MARC21slim.xsd"><leader>03202nam a2200781 c 4500</leader><controlfield tag="001">991000008289705502</controlfield><controlfield tag="005">20230502192947.0</controlfield><controlfield tag="008">201011s2012    it ||||| |||| 00| ||ita d</controlfield><datafield ind1=" " ind2=" " tag="020"><subfield code="a">8883344111</subfield></datafield><datafield ind1=" " ind2=" " tag="020"><subfield code="a">9788883344114</subfield></datafield><datafield ind1=" " ind2=" " tag="035"><subfield code="a">(swissbib)227615999-41slsp_network</subfield></datafield><datafield ind1=" " ind2=" " tag="035"><subfield code="a">227615999</subfield><subfield code="9">ExL</subfield></datafield><datafield ind1=" " ind2=" " tag="035"><subfield code="a">(RERO)R007154748-41slsp</subfield></datafield><datafield ind1=" " ind2=" " tag="035"><subfield code="a">(NEBIS)007551388EBI01</subfield></datafield><datafield ind1=" " ind2=" " tag="035"><subfield code="a">(IDSBB)006014311DSV01</subfield></datafield><datafield ind1=" " ind2=" " tag="035"><subfield code="a">(OCoLC)811003493</subfield></datafield><datafield ind1=" " ind2=" " tag="035"><subfield code="a">(EXLNZ-41SLSP_NETWORK)991056370849705501</subfield></datafield><datafield ind1=" " ind2=" " tag="040"><subfield code="a">C3L</subfield><subfield code="d">CH-ZuSLS</subfield></datafield><datafield ind1="0" ind2=" " tag="041"><subfield code="a">ita</subfield><subfield code="a">spa</subfield></datafield><datafield ind1=" " ind2="7" tag="072"><subfield code="a">ht</subfield><subfield code="2">rero</subfield></datafield><datafield ind1=" " ind2="7" tag="072"><subfield code="a">th</subfield><subfield code="2">rero</subfield></datafield><datafield ind1="0" ind2="4" tag="082"><subfield code="a">200</subfield><subfield code="2">21</subfield></datafield><datafield ind1="0" ind2="4" tag="082"><subfield code="a">201.50918220903</subfield></datafield><datafield ind1="1" ind2="4" tag="082"><subfield code="a">907.202</subfield><subfield code="2">21</subfield></datafield><datafield ind1="1" ind2="4" tag="082"><subfield code="a">909.09822</subfield><subfield code="2">21</subfield></datafield><datafield ind1="1" ind2="4" tag="082"><subfield code="a">201</subfield></datafield><datafield ind1="0" ind2="0" tag="245"><subfield code="a">Relazioni religiose nel Mediterraneo</subfield><subfield code="b">schiavi, redentori, mediatori (secc. XVI- XIX)</subfield><subfield code="c">a cura di Sara Cabibbo e Maria Lupi</subfield></datafield><datafield ind1=" " ind2="1" tag="264"><subfield code="a">Roma</subfield><subfield code="b">Viella</subfield><subfield code="c">2012</subfield></datafield><datafield ind1=" " ind2=" " tag="300"><subfield code="a">263 p.</subfield></datafield><datafield ind1=" " ind2=" " tag="336"><subfield code="b">txt</subfield><subfield code="2">rdacontent</subfield></datafield><datafield ind1=" " ind2=" " tag="337"><subfield code="b">n</subfield><subfield code="2">rdamedia</subfield></datafield><datafield ind1=" " ind2=" " tag="338"><subfield code="b">nc</subfield><subfield code="2">rdacarrier</subfield></datafield><datafield ind1="1" ind2=" " tag="490"><subfield code="a">Studi e ricerche / Università degli studi Roma Tre - Dipartimento di studi storici geografici antropologici</subfield><subfield code="v">28</subfield></datafield><datafield ind1=" " ind2=" " tag="500"><subfield code="a">Abstracts</subfield></datafield><datafield ind1=" " ind2=" " tag="500"><subfield code="a">Indice dei nomi e dei luoghi</subfield></datafield><datafield ind1=" " ind2=" " tag="500"><subfield code="a">Texts in Italian or Spanish</subfield></datafield><datafield ind1=" " ind2=" " tag="504"><subfield code="a">Includes bibliographical references</subfield></datafield><datafield ind1=" " ind2="7" tag="648"><subfield code="a">Geschichte 1500-2000</subfield><subfield code="2">idszbz</subfield></datafield><datafield ind1=" " ind2="7" tag="648"><subfield code="a">Geschichte 1500-1900</subfield><subfield code="2">gnd</subfield></datafield><datafield ind1=" " ind2="7" tag="650"><subfield code="a">Esclavage</subfield><subfield code="0">(IDREF)027224295</subfield><subfield code="2">idref</subfield></datafield><datafield ind1=" " ind2="7" tag="650"><subfield code="a">Rachat des captifs</subfield><subfield code="0">(IDREF)027682900</subfield><subfield code="2">idref</subfield></datafield><datafield ind1=" " ind2="7" tag="650"><subfield code="a">Conversion religieuse</subfield><subfield code="0">(IDREF)027366383</subfield><subfield code="2">idref</subfield></datafield><datafield ind1=" " ind2="7" tag="650"><subfield code="a">Coexistence religieuse</subfield><subfield code="0">(IDREF)147415993</subfield><subfield code="2">idref</subfield></datafield><datafield ind1=" " ind2="7" tag="650"><subfield code="a">Chrétiens</subfield><subfield code="0">(IDREF)027229947</subfield><subfield code="2">idref</subfield></datafield><datafield ind1=" " ind2="7" tag="650"><subfield code="a">Musulmans</subfield><subfield code="0">(IDREF)027366723</subfield><subfield code="2">idref</subfield></datafield><datafield ind1=" " ind2="7" tag="650"><subfield code="a">16e siècle-19e siècle</subfield><subfield code="2">idref</subfield></datafield><datafield ind1=" " ind2="7" tag="650"><subfield code="a">Religiosität</subfield><subfield code="0">(DE-588)4049428-7</subfield><subfield code="2">gnd</subfield></datafield><datafield ind1=" " ind2="0" tag="650"><subfield code="a">Christianity and other religions</subfield><subfield code="z">Mediterranean Region</subfield></datafield><datafield ind1=" " ind2="7" tag="650"><subfield code="a">Interreligiöser Dialog</subfield><subfield code="0">(DE-588)4192352-2</subfield><subfield code="2">gnd</subfield></datafield><datafield ind1=" " ind2="7" tag="650"><subfield code="a">Kulturkontakt</subfield><subfield code="0">(DE-588)4033569-0</subfield><subfield code="2">gnd</subfield></datafield><datafield ind1=" " ind2="7" tag="650"><subfield code="a">Sklavenhandel</subfield><subfield code="0">(DE-588)4198287-3</subfield><subfield code="2">gnd</subfield></datafield><datafield ind1=" " ind2="7" tag="651"><subfield code="a">Méditerranée (région)</subfield><subfield code="0">(IDREF)027237664</subfield><subfield code="2">idref</subfield></datafield><datafield ind1=" " ind2="7" tag="651"><subfield code="a">Europe</subfield><subfield code="0">(IDREF)027224651</subfield><subfield code="2">idref</subfield></datafield><datafield ind1=" " ind2="7" tag="651"><subfield code="a">Afrique</subfield><subfield code="0">(IDREF)027218546</subfield><subfield code="2">idref</subfield></datafield><datafield ind1=" " ind2="0" tag="651"><subfield code="a">Mediterranean Region</subfield><subfield code="x">Religious life and customs</subfield></datafield><datafield ind1=" " ind2="7" tag="651"><subfield code="a">Mittelmeerraum</subfield><subfield code="0">(DE-588)4074900-9</subfield><subfield code="2">gnd</subfield></datafield><datafield ind1=" " ind2="7" tag="655"><subfield code="a">[Études diverses]</subfield><subfield code="0">(RERO)A022249905</subfield><subfield code="2">rero</subfield></datafield><datafield ind1=" " ind2="7" tag="655"><subfield code="a">Aufsatzsammlung</subfield><subfield code="2">gnd-content</subfield></datafield><datafield ind1="1" ind2=" " tag="700"><subfield code="a">Lupi, Maria</subfield><subfield code="0">(IDREF)055835708</subfield></datafield><datafield ind1="1" ind2=" " tag="700"><subfield code="a">Cabibbo, Sara</subfield><subfield code="0">(DE-588)134075587</subfield><subfield code="6">880-03</subfield></datafield><datafield ind1="1" ind2=" " tag="880"><subfield code="6">700-03</subfield><subfield code="a">Cabibbo, Sara</subfield><subfield code="0">(IDREF)030711010</subfield></datafield><datafield ind1="4" ind2=" " tag="856"><subfield code="3">Titelblatt und Inhaltsverzeichnis</subfield><subfield code="u">https://toc.library.ethz.ch/objects/pdf/z01_978-88-8334-411-4_01.pdf</subfield><subfield code="q">pdf</subfield></datafield><datafield ind1=" " ind2=" " tag="830"><subfield code="a">Studi e ricerche</subfield><subfield code="v">28</subfield><subfield code="w">(NEBIS)010479782EBI01</subfield></datafield><datafield ind1=" " ind2=" " tag="830"><subfield code="a">Ricerche / Università degli studi Roma tre, Dipartimento di studi storici, geografici, antropologici</subfield><subfield code="v">28</subfield><subfield code="w">(RERO)R003231917-41slsp</subfield></datafield><datafield ind1=" " ind2=" " tag="830"><subfield code="a">Ricerche</subfield><subfield code="v">28</subfield><subfield code="w">(IDSBB)002229489DSV01</subfield></datafield><datafield ind1=" " ind2=" " tag="900"><subfield code="a">REROnoselfmerge</subfield></datafield><datafield ind1=" " ind2=" " tag="900"><subfield code="a">IDSZ2zbzmon201212f</subfield><subfield code="c">IDSZ2baeh</subfield><subfield code="d">IDSZ2zbzswk201301b</subfield><subfield code="e">IDSZ2schu</subfield></datafield><datafield ind1=" " ind2=" " tag="910"><subfield code="a">OCoLC</subfield><subfield code="b">20121004</subfield><subfield code="c">Droits réservés</subfield></datafield><datafield ind1=" " ind2=" " tag="949"><subfield code="a">https://toc.library.ethz.ch/objects/pdf/z01_978-88-8334-411-4_01.pdf</subfield></datafield></record>
</metadata></record>