<record><header><identifier>oai:alma.41SLSP_UGE:991000008409705502</identifier><datestamp>2023-03-01T01:08:47Z</datestamp><setSpec>uge_bcen_RapidILL_BOOK</setSpec><setSpec>uge_aaca_RapidILL_BOOK</setSpec><setSpec>uge_abels_RapidILL_BOOK</setSpec><setSpec>uge_dbu_RapidILL_BOOK</setSpec><setSpec>uge_cmu_RapidILL_BOOK</setSpec><setSpec>uge_mail_RapidILL_BOOK</setSpec><setSpec>UNIGE_ALL</setSpec><setSpec>uge_abbat_RapidILL_BOOK</setSpec><setSpec>uge_aobs_RapidILL_BOOK</setSpec><setSpec>uge_acar_RapidILL_BOOK</setSpec></header><metadata>
<record xmlns="http://www.loc.gov/MARC21/slim" xmlns:xsi="http://www.w3.org/2001/XMLSchema-instance" xsi:schemaLocation="http://www.loc.gov/MARC21/slim http://www.loc.gov/standards/marcxml/schema/MARC21slim.xsd"><leader>01422nam a22003732c 4500</leader><controlfield tag="001">991000008409705502</controlfield><controlfield tag="005">20201231133528.0</controlfield><controlfield tag="008">201012t19791979ru ||||| |||| 00| ||fre d</controlfield><datafield ind1="7" ind2=" " tag="024"><subfield code="a">http://catalogue.bnf.fr/ark:/12148/cb34652829d</subfield><subfield code="2">uri</subfield></datafield><datafield ind1=" " ind2=" " tag="035"><subfield code="a">(swissbib)235826995-41slsp_network</subfield></datafield><datafield ind1=" " ind2=" " tag="035"><subfield code="a">235826995</subfield><subfield code="9">ExL</subfield></datafield><datafield ind1=" " ind2=" " tag="035"><subfield code="a">(RERO)R003325671-41slsp</subfield></datafield><datafield ind1=" " ind2=" " tag="035"><subfield code="a">(NEBIS)001486711EBI01</subfield></datafield><datafield ind1=" " ind2=" " tag="035"><subfield code="a">(EXLNZ-41SLSP_NETWORK)991149675969705501</subfield></datafield><datafield ind1=" " ind2=" " tag="040"><subfield code="a">RERO geussp</subfield><subfield code="d">CH-ZuSLS</subfield></datafield><datafield ind1="1" ind2=" " tag="041"><subfield code="a">fre</subfield><subfield code="h">rus</subfield></datafield><datafield ind1=" " ind2="7" tag="072"><subfield code="a">py</subfield><subfield code="2">rero</subfield></datafield><datafield ind1="1" ind2=" " tag="100"><subfield code="a">Tarassov, Lev V.</subfield><subfield code="0">(RERO)A003888112</subfield><subfield code="4">cre</subfield></datafield><datafield ind1="1" ind2="0" tag="245"><subfield code="a">Bases physiques de l'électronique quantique</subfield><subfield code="b">domaine optique</subfield><subfield code="c">L. Tarassov ; [trad. du russe par Vassili Koliméeev]</subfield></datafield><datafield ind1="1" ind2=" " tag="246"><subfield code="a">Fizičeskie osnovy kvantovoj èlektroniki</subfield></datafield><datafield ind1=" " ind2="1" tag="264"><subfield code="a">Moscou</subfield><subfield code="b">Mir</subfield><subfield code="c">[1979]</subfield></datafield><datafield ind1=" " ind2="4" tag="264"><subfield code="c">©1979</subfield></datafield><datafield ind1=" " ind2=" " tag="300"><subfield code="a">335 p.</subfield><subfield code="b">ill.</subfield><subfield code="c">23 cm</subfield></datafield><datafield ind1=" " ind2=" " tag="336"><subfield code="b">txt</subfield><subfield code="2">rdacontent</subfield></datafield><datafield ind1=" " ind2=" " tag="337"><subfield code="b">n</subfield><subfield code="2">rdamedia</subfield></datafield><datafield ind1=" " ind2=" " tag="338"><subfield code="b">nc</subfield><subfield code="2">rdacarrier</subfield></datafield><datafield ind1=" " ind2=" " tag="500"><subfield code="a">Traduction de: Fizičeskie osnovy kvantovoj èlektroniki: optičeskij diapazon. Moskva, cop. 1976</subfield></datafield><datafield ind1=" " ind2=" " tag="504"><subfield code="a">Bibliogr.: p. 324-325</subfield></datafield><datafield ind1=" " ind2="7" tag="650"><subfield code="a">PHOTONEN + GAMMASTRAHLEN (TEILCHENPHYSIK)</subfield><subfield code="9">ger</subfield><subfield code="0">(ETHUDK)000015360</subfield><subfield code="2">ethudk</subfield></datafield><datafield ind1=" " ind2="7" tag="650"><subfield code="a">QUANTENTHEORIE DES LICHTES (OPTIK)</subfield><subfield code="9">ger</subfield><subfield code="0">(ETHUDK)000014801</subfield><subfield code="2">ethudk</subfield></datafield><datafield ind1=" " ind2="7" tag="650"><subfield code="a">QUANTENTHEORIE</subfield><subfield code="9">ger</subfield><subfield code="0">(ETHUDK)000014266</subfield><subfield code="2">ethudk</subfield></datafield><datafield ind1="1" ind2=" " tag="700"><subfield code="a">Tarassov, L.</subfield></datafield><datafield ind1="1" ind2=" " tag="700"><subfield code="a">Koliméev, Vassili</subfield></datafield><datafield ind1="1" ind2=" " tag="700"><subfield code="a">Kolimeev, V</subfield><subfield code="0">(RERO)A003465997</subfield></datafield><datafield ind1=" " ind2=" " tag="900"><subfield code="a">REROnoselfmerge</subfield></datafield></record>
</metadata></record>