<record><header><identifier>oai:alma.41SLSP_UGE:991000008739705502</identifier><datestamp>2023-04-08T00:20:37Z</datestamp><setSpec>uge_bcen_RapidILL_BOOK</setSpec><setSpec>uge_aaca_RapidILL_BOOK</setSpec><setSpec>uge_abels_RapidILL_BOOK</setSpec><setSpec>uge_dbu_RapidILL_BOOK</setSpec><setSpec>uge_cmu_RapidILL_BOOK</setSpec><setSpec>uge_mail_RapidILL_BOOK</setSpec><setSpec>uge_abbat_RapidILL_BOOK</setSpec><setSpec>UNIGE_ALL</setSpec><setSpec>uge_aobs_RapidILL_BOOK</setSpec><setSpec>uge_acar_RapidILL_BOOK</setSpec></header><metadata>
<record xmlns="http://www.loc.gov/MARC21/slim" xmlns:xsi="http://www.w3.org/2001/XMLSchema-instance" xsi:schemaLocation="http://www.loc.gov/MARC21/slim http://www.loc.gov/standards/marcxml/schema/MARC21slim.xsd"><leader>02344nam a22005772c 4500</leader><controlfield tag="001">991000008739705502</controlfield><controlfield tag="005">20230407123512.0</controlfield><controlfield tag="008">201012s2011    it ||||| |||| 10| ||ita d</controlfield><datafield ind1=" " ind2=" " tag="020"><subfield code="a">9788843060696</subfield></datafield><datafield ind1=" " ind2=" " tag="020"><subfield code="a">8843060694</subfield></datafield><datafield ind1=" " ind2=" " tag="035"><subfield code="a">(swissbib)241690579-41slsp_network</subfield></datafield><datafield ind1=" " ind2=" " tag="035"><subfield code="a">241690579</subfield><subfield code="9">ExL</subfield></datafield><datafield ind1=" " ind2=" " tag="035"><subfield code="a">(RERO)R006324720-41slsp</subfield></datafield><datafield ind1=" " ind2=" " tag="035"><subfield code="a">(IDSBB)005758368DSV01</subfield></datafield><datafield ind1=" " ind2=" " tag="035"><subfield code="a">(NEBIS)006599679EBI01</subfield></datafield><datafield ind1=" " ind2=" " tag="035"><subfield code="a">(OCoLC)748343932</subfield></datafield><datafield ind1=" " ind2=" " tag="035"><subfield code="a">(EXLNZ-41SLSP_NETWORK)991132594389705501</subfield></datafield><datafield ind1=" " ind2=" " tag="040"><subfield code="a">DLC</subfield><subfield code="d">CH-ZuSLS</subfield></datafield><datafield ind1=" " ind2="7" tag="072"><subfield code="a">it</subfield><subfield code="2">rero</subfield></datafield><datafield ind1=" " ind2="7" tag="072"><subfield code="a">it</subfield><subfield code="2">SzZuIDS BS/BE</subfield></datafield><datafield ind1="0" ind2="4" tag="082"><subfield code="a">851</subfield></datafield><datafield ind1="1" ind2="4" tag="082"><subfield code="a">853.91</subfield><subfield code="2">22</subfield></datafield><datafield ind1="1" ind2="4" tag="082"><subfield code="a">851</subfield><subfield code="2">21</subfield></datafield><datafield ind1=" " ind2=" " tag="084"><subfield code="a">IV 45121</subfield><subfield code="2">rvk</subfield></datafield><datafield ind1="0" ind2="0" tag="245"><subfield code="a">&lt;&lt;La&gt;&gt; dorata parmelia</subfield><subfield code="b">licheni, poesia e cultura in Camillo Sbarbaro (1888-1967)</subfield><subfield code="c">a cura di Giuseppe Magurno</subfield></datafield><datafield ind1=" " ind2=" " tag="250"><subfield code="a">1a ed.</subfield></datafield><datafield ind1=" " ind2="1" tag="264"><subfield code="a">Roma</subfield><subfield code="b">Carocci</subfield><subfield code="c">2011</subfield></datafield><datafield ind1=" " ind2=" " tag="300"><subfield code="a">333 p.</subfield><subfield code="c">22 cm.</subfield></datafield><datafield ind1=" " ind2=" " tag="336"><subfield code="b">txt</subfield><subfield code="2">rdacontent</subfield></datafield><datafield ind1=" " ind2=" " tag="337"><subfield code="b">n</subfield><subfield code="2">rdamedia</subfield></datafield><datafield ind1=" " ind2=" " tag="338"><subfield code="b">nc</subfield><subfield code="2">rdacarrier</subfield></datafield><datafield ind1="1" ind2=" " tag="490"><subfield code="a">Lingue e letterature</subfield><subfield code="v">124</subfield></datafield><datafield ind1=" " ind2=" " tag="500"><subfield code="a">Atti del convegno, Brescia, 29 febbraio-1 marzo 2008</subfield></datafield><datafield ind1=" " ind2=" " tag="500"><subfield code="a">Proceedings of a meeting held in Brescia, Italy, Feb. 29 and Mar. 1, 2008</subfield></datafield><datafield ind1=" " ind2=" " tag="504"><subfield code="a">Includes bibliographical references.</subfield></datafield><datafield ind1="1" ind2="7" tag="600"><subfield code="a">Sbarbaro, Camillo</subfield><subfield code="d">1888-1967</subfield><subfield code="0">(IDREF)029839289</subfield><subfield code="2">idref</subfield></datafield><datafield ind1="1" ind2="7" tag="600"><subfield code="a">Sbarbaro, Camillo</subfield><subfield code="2">idszbz</subfield></datafield><datafield ind1="1" ind2="7" tag="600"><subfield code="a">Sbarbaro, Camillo</subfield><subfield code="d">1888-1967</subfield><subfield code="0">(DE-588)118794787</subfield><subfield code="2">gnd</subfield></datafield><datafield ind1="1" ind2="0" tag="600"><subfield code="a">Sbarbaro, Camillo</subfield><subfield code="d">1888-1967</subfield><subfield code="x">Criticism and interpretation</subfield><subfield code="v">Congresses</subfield></datafield><datafield ind1=" " ind2="7" tag="650"><subfield code="a">Lichénologie</subfield><subfield code="0">(IDREF)052625141</subfield><subfield code="2">idref</subfield></datafield><datafield ind1=" " ind2="7" tag="655"><subfield code="a">Actes de congrès</subfield><subfield code="0">(IDREF)02886431X</subfield><subfield code="2">idref</subfield></datafield><datafield ind1=" " ind2="7" tag="655"><subfield code="a">Konferenzschrift</subfield><subfield code="z">Brescia</subfield><subfield code="y">2008</subfield><subfield code="2">gnd-content</subfield></datafield><datafield ind1=" " ind2="7" tag="655"><subfield code="a">Aufsatzsammlung</subfield><subfield code="2">idszbz</subfield></datafield><datafield ind1="1" ind2=" " tag="700"><subfield code="a">Magurno, Giuseppe</subfield><subfield code="d">19..-....</subfield><subfield code="0">(IDREF)251467678</subfield></datafield><datafield ind1="2" ind2=" " tag="710"><subfield code="a">Liceo classico &quot;Arnaldo&quot; (Brescia)</subfield><subfield code="b">Convegno di studi</subfield><subfield code="d">2008</subfield><subfield code="c">Brescia</subfield><subfield code="0">(RERO)A020077517</subfield></datafield><datafield ind1="4" ind2=" " tag="856"><subfield code="3">Titelblatt und Inhaltsverzeichnis</subfield><subfield code="u">https://toc.library.ethz.ch/objects/pdf/z01_978-88-430-6069-6_01.pdf</subfield><subfield code="q">pdf</subfield></datafield><datafield ind1=" " ind2=" " tag="830"><subfield code="a">Lingue e letterature Carocci</subfield><subfield code="v">124</subfield><subfield code="w">(IDSBB)005606670DSV01</subfield></datafield><datafield ind1=" " ind2=" " tag="830"><subfield code="a">Lingue e letterature</subfield><subfield code="p">Carocci</subfield><subfield code="v">124</subfield><subfield code="w">(RERO)R003092261-41slsp</subfield></datafield><datafield ind1=" " ind2=" " tag="900"><subfield code="a">REROnoselfmerge</subfield></datafield><datafield ind1=" " ind2=" " tag="900"><subfield code="a">IDSZ2zbzmon201111f</subfield><subfield code="c">IDSZ2hilb</subfield><subfield code="d">IDSZ2zbzswk201112b</subfield><subfield code="e">IDSZ2brua</subfield></datafield><datafield ind1=" " ind2=" " tag="910"><subfield code="a">LOC</subfield><subfield code="b">20111101</subfield><subfield code="c">Droits réservés</subfield></datafield><datafield ind1=" " ind2=" " tag="949"><subfield code="a">https://toc.library.ethz.ch/objects/pdf/z01_978-88-430-6069-6_01.pdf</subfield></datafield><datafield ind1=" " ind2=" " tag="993"><subfield code="a">BFLA 230582</subfield><subfield code="x">ge/ulit/a/11/306</subfield><subfield code="9">LOCAL</subfield></datafield></record>
</metadata></record>