<record><header><identifier>oai:alma.41SLSP_UGE:991000008529705502</identifier><datestamp>2023-03-01T01:08:47Z</datestamp><setSpec>uge_bcen_RapidILL_BOOK</setSpec><setSpec>uge_aaca_RapidILL_BOOK</setSpec><setSpec>uge_abels_RapidILL_BOOK</setSpec><setSpec>uge_dbu_RapidILL_BOOK</setSpec><setSpec>uge_cmu_RapidILL_BOOK</setSpec><setSpec>uge_mail_RapidILL_BOOK</setSpec><setSpec>UNIGE_ALL</setSpec><setSpec>uge_abbat_RapidILL_BOOK</setSpec><setSpec>uge_aobs_RapidILL_BOOK</setSpec><setSpec>uge_acar_RapidILL_BOOK</setSpec></header><metadata>
<record xmlns="http://www.loc.gov/MARC21/slim" xmlns:xsi="http://www.w3.org/2001/XMLSchema-instance" xsi:schemaLocation="http://www.loc.gov/MARC21/slim http://www.loc.gov/standards/marcxml/schema/MARC21slim.xsd"><leader>01344nam a2200313 c 4500</leader><controlfield tag="001">991000008529705502</controlfield><controlfield tag="005">20201230203527.0</controlfield><controlfield tag="008">201011s1905    ne            00| | ara  </controlfield><datafield ind1="7" ind2=" " tag="024"><subfield code="a">http://catalogue.bnf.fr/ark:/12148/cb30824678q</subfield><subfield code="2">uri</subfield></datafield><datafield ind1=" " ind2=" " tag="035"><subfield code="a">(swissbib)222413255-41slsp_network</subfield></datafield><datafield ind1=" " ind2=" " tag="035"><subfield code="a">222413255</subfield><subfield code="9">ExL</subfield></datafield><datafield ind1=" " ind2=" " tag="035"><subfield code="a">(IDSBB)004690429DSV01</subfield></datafield><datafield ind1=" " ind2=" " tag="035"><subfield code="a">(RERO)R006394403-41slsp</subfield></datafield><datafield ind1=" " ind2=" " tag="035"><subfield code="a">(EXLNZ-41SLSP_NETWORK)991009976479705501</subfield></datafield><datafield ind1=" " ind2=" " tag="040"><subfield code="a">SzZuIDS BS/BE A100</subfield><subfield code="e">kids</subfield><subfield code="d">CH-ZuSLS</subfield></datafield><datafield ind1="0" ind2=" " tag="041"><subfield code="a">ara</subfield><subfield code="a">eng</subfield></datafield><datafield ind1=" " ind2="7" tag="072"><subfield code="a">sm</subfield><subfield code="2">rero</subfield></datafield><datafield ind1="1" ind2=" " tag="100"><subfield code="a">Littmann, Enno</subfield><subfield code="d">1875-1958</subfield><subfield code="0">(DE-588)11872858X</subfield><subfield code="6">880-01</subfield></datafield><datafield ind1="1" ind2=" " tag="880"><subfield code="6">100-01</subfield><subfield code="a">Littmann, Enno</subfield><subfield code="d">1875-1958</subfield><subfield code="0">(IDREF)033876053</subfield></datafield><datafield ind1="1" ind2="0" tag="245"><subfield code="a">Modern Arabic tales</subfield><subfield code="c">by Enno Littmann</subfield></datafield><datafield ind1=" " ind2="1" tag="264"><subfield code="a">Leyden</subfield><subfield code="b">E.J. Brill</subfield><subfield code="c">1905</subfield></datafield><datafield ind1=" " ind2=" " tag="300"><subfield code="a">VII, 272 p.</subfield><subfield code="b">ill.</subfield><subfield code="c">23 cm</subfield></datafield><datafield ind1=" " ind2=" " tag="336"><subfield code="b">txt</subfield><subfield code="2">rdacontent</subfield></datafield><datafield ind1=" " ind2=" " tag="337"><subfield code="b">n</subfield><subfield code="2">rdamedia</subfield></datafield><datafield ind1=" " ind2=" " tag="338"><subfield code="b">nc</subfield><subfield code="2">rdacarrier</subfield></datafield><datafield ind1="1" ind2=" " tag="490"><subfield code="a">The publications of an American archaeological expedition to Syria in 1899-1900</subfield><subfield code="v">P. 6</subfield></datafield><datafield ind1=" " ind2=" " tag="500"><subfield code="a">Erschienen Vol. 1: Arabic text</subfield></datafield><datafield ind1=" " ind2=" " tag="500"><subfield code="a">Part 6 of the publications of an American archaeological expedition to Syria in 1899-1900 under the patronage of V. Everit Macy, Clarence M. Hyde, B. Talbot B. Hyde, and I.N. Phelps Stokes</subfield></datafield><datafield ind1=" " ind2=" " tag="830"><subfield code="a">&lt;&lt;The&gt;&gt; publications of an American archaeological expedition to Syria in 1899-1900</subfield><subfield code="v">6</subfield><subfield code="w">(IDSBB)001497298DSV01</subfield></datafield><datafield ind1=" " ind2=" " tag="900"><subfield code="a">REROnoselfmerge</subfield></datafield></record>
</metadata></record>