<record><header><identifier>oai:alma.41SLSP_UGE:991000049839705502</identifier><datestamp>2024-04-11T00:20:47Z</datestamp><setSpec>uge_bcen_RapidILL_BOOK</setSpec><setSpec>uge_aaca_RapidILL_BOOK</setSpec><setSpec>uge_abels_RapidILL_BOOK</setSpec><setSpec>uge_dbu_RapidILL_BOOK</setSpec><setSpec>uge_cmu_RapidILL_BOOK</setSpec><setSpec>uge_mail_RapidILL_BOOK</setSpec><setSpec>uge_abbat_RapidILL_BOOK</setSpec><setSpec>UNIGE_ALL</setSpec><setSpec>uge_aobs_RapidILL_BOOK</setSpec><setSpec>uge_acar_RapidILL_BOOK</setSpec></header><metadata>
<record xmlns="http://www.loc.gov/MARC21/slim" xmlns:xsi="http://www.w3.org/2001/XMLSchema-instance" xsi:schemaLocation="http://www.loc.gov/MARC21/slim http://www.loc.gov/standards/marcxml/schema/MARC21slim.xsd"><leader>08031nam a2201129 c 4500</leader><controlfield tag="001">991000049839705502</controlfield><controlfield tag="005">20240410141502.0</controlfield><controlfield tag="008">201011s2016    gw |||||      00| ||eng d</controlfield><datafield ind1="7" ind2=" " tag="016"><subfield code="a">1027505716</subfield><subfield code="2">GyFmDB</subfield></datafield><datafield ind1=" " ind2=" " tag="019"><subfield code="a">Notice analytique</subfield><subfield code="5">RERO/neubfd/03.2016</subfield></datafield><datafield ind1=" " ind2=" " tag="020"><subfield code="a">9783406648564</subfield><subfield code="q">Beck</subfield><subfield code="c">EUR 190.00</subfield></datafield><datafield ind1=" " ind2=" " tag="020"><subfield code="a">9781849464864</subfield><subfield code="q">Hart Publishing</subfield></datafield><datafield ind1=" " ind2=" " tag="020"><subfield code="a">9783848702992</subfield><subfield code="q">Nomos</subfield></datafield><datafield ind1=" " ind2=" " tag="035"><subfield code="a">(swissbib)231099177-41slsp_network</subfield></datafield><datafield ind1=" " ind2=" " tag="035"><subfield code="a">231099177</subfield><subfield code="9">ExL</subfield></datafield><datafield ind1=" " ind2=" " tag="035"><subfield code="a">(NEBIS)009990084EBI01</subfield></datafield><datafield ind1=" " ind2=" " tag="035"><subfield code="a">(IDSSG)000880232HSB01</subfield></datafield><datafield ind1=" " ind2=" " tag="035"><subfield code="a">(IDSBB)006185171DSV01</subfield></datafield><datafield ind1=" " ind2=" " tag="035"><subfield code="a">(IDSLU)001098373ILU01</subfield></datafield><datafield ind1=" " ind2=" " tag="035"><subfield code="a">(RERO)R007300040-41slsp</subfield></datafield><datafield ind1=" " ind2=" " tag="035"><subfield code="a">(OCoLC)830370399</subfield></datafield><datafield ind1=" " ind2=" " tag="035"><subfield code="a">(OCoLC)844684470</subfield></datafield><datafield ind1=" " ind2=" " tag="035"><subfield code="a">(EXLNZ-41SLSP_NETWORK)991040447809705501</subfield></datafield><datafield ind1=" " ind2=" " tag="040"><subfield code="a">YDXCP</subfield><subfield code="b">ger</subfield><subfield code="e">rda</subfield><subfield code="d">CH-ZuSLS</subfield></datafield><datafield ind1="0" ind2="0" tag="060"><subfield code="a">2016 C-780</subfield></datafield><datafield ind1="1" ind2="0" tag="060"><subfield code="a">QV 33 GA1</subfield></datafield><datafield ind1=" " ind2="7" tag="072"><subfield code="a">rw</subfield><subfield code="2">SzZuIDS BS/BE</subfield></datafield><datafield ind1=" " ind2="7" tag="072"><subfield code="a">812</subfield><subfield code="2">IDS LU</subfield></datafield><datafield ind1=" " ind2="7" tag="072"><subfield code="a">842</subfield><subfield code="2">IDS LU</subfield></datafield><datafield ind1=" " ind2="7" tag="072"><subfield code="a">dr</subfield><subfield code="2">rero</subfield></datafield><datafield ind1="0" ind2="4" tag="082"><subfield code="a">346.430486</subfield><subfield code="2">23</subfield></datafield><datafield ind1="0" ind2="4" tag="082"><subfield code="a">346.240486</subfield><subfield code="2">22/ger</subfield></datafield><datafield ind1="1" ind2="4" tag="082"><subfield code="a">340</subfield><subfield code="2">15</subfield></datafield><datafield ind1=" " ind2=" " tag="084"><subfield code="a">340</subfield><subfield code="2">sdnb</subfield></datafield><datafield ind1=" " ind2=" " tag="084"><subfield code="a">PJ 2380</subfield><subfield code="2">rvk</subfield></datafield><datafield ind1=" " ind2=" " tag="084"><subfield code="a">PJ 3160</subfield><subfield code="2">rvk</subfield></datafield><datafield ind1=" " ind2=" " tag="084"><subfield code="a">PJ 3200</subfield><subfield code="2">rvk</subfield></datafield><datafield ind1=" " ind2=" " tag="084"><subfield code="a">PS 3800</subfield><subfield code="2">rvk</subfield></datafield><datafield ind1=" " ind2=" " tag="084"><subfield code="a">PU 1547</subfield><subfield code="2">rvk</subfield></datafield><datafield ind1=" " ind2=" " tag="084"><subfield code="a">A 86.1 g</subfield><subfield code="2">cjurrom</subfield></datafield><datafield ind1=" " ind2=" " tag="084"><subfield code="a">A 58.2 g</subfield><subfield code="2">cjurrom</subfield></datafield><datafield ind1="0" ind2="0" tag="245"><subfield code="a">Supplementary protection certificates (SPC)</subfield><subfield code="c">edited by Marco Stief, Dirk Bühler</subfield></datafield><datafield ind1=" " ind2="1" tag="264"><subfield code="a">München</subfield><subfield code="b">C.H. Beck</subfield><subfield code="c">2016</subfield></datafield><datafield ind1=" " ind2=" " tag="300"><subfield code="a">XVIII, 241 Seiten</subfield></datafield><datafield ind1=" " ind2=" " tag="336"><subfield code="b">txt</subfield><subfield code="2">rdacontent</subfield></datafield><datafield ind1=" " ind2=" " tag="337"><subfield code="b">n</subfield><subfield code="2">rdamedia</subfield></datafield><datafield ind1=" " ind2=" " tag="338"><subfield code="b">nc</subfield><subfield code="2">rdacarrier</subfield></datafield><datafield ind1=" " ind2=" " tag="500"><subfield code="a">Titelzusatz auf Umschlag: &quot;A handbook&quot;</subfield></datafield><datafield ind1="2" ind2="7" tag="610"><subfield code="a">Europäische Union</subfield><subfield code="0">(DE-588)5098525-5</subfield><subfield code="2">gnd</subfield></datafield><datafield ind1=" " ind2="7" tag="650"><subfield code="a">Rechtsvergleich</subfield><subfield code="0">(DE-588)4115712-6</subfield><subfield code="2">gnd</subfield></datafield><datafield ind1=" " ind2="0" tag="650"><subfield code="a">Drugs</subfield><subfield code="z">Europe</subfield><subfield code="x">Patents</subfield></datafield><datafield ind1=" " ind2="0" tag="650"><subfield code="a">Patent extensions</subfield><subfield code="z">Europe</subfield></datafield><datafield ind1=" " ind2="2" tag="650"><subfield code="a">Legislation, Drug</subfield><subfield code="0">(DNLM)D007880</subfield></datafield><datafield ind1=" " ind2="2" tag="650"><subfield code="a">Drug Industry</subfield><subfield code="x">legislation &amp; jurisprudence</subfield><subfield code="0">(DNLM)D004345Q000331</subfield></datafield><datafield ind1=" " ind2="2" tag="650"><subfield code="a">Patents as Topic</subfield><subfield code="0">(DNLM)D010330</subfield></datafield><datafield ind1=" " ind2="2" tag="650"><subfield code="a">Pharmaceutical Preparations</subfield><subfield code="0">(DNLM)D004364</subfield></datafield><datafield ind1=" " ind2="7" tag="650"><subfield code="a">Arzneimittel</subfield><subfield code="0">(DE-588)4003115-9</subfield><subfield code="2">gnd</subfield></datafield><datafield ind1=" " ind2="7" tag="650"><subfield code="a">Rechtsprechung</subfield><subfield code="0">(DE-588)4115710-2</subfield><subfield code="2">gnd</subfield></datafield><datafield ind1=" " ind2="7" tag="650"><subfield code="a">Medizinprodukt</subfield><subfield code="0">(DE-588)4024018-6</subfield><subfield code="2">gnd</subfield></datafield><datafield ind1=" " ind2="7" tag="650"><subfield code="a">Ergänzendes Schutzzertifikat</subfield><subfield code="0">(DE-588)7671837-2</subfield><subfield code="2">gnd</subfield></datafield><datafield ind1=" " ind2="7" tag="650"><subfield code="a">Patentrecht</subfield><subfield code="0">(DE-588)4044884-8</subfield><subfield code="2">gnd</subfield></datafield><datafield ind1=" " ind2="7" tag="650"><subfield code="a">Medizin</subfield><subfield code="0">(DE-588)4038243-6</subfield><subfield code="2">gnd</subfield></datafield><datafield ind1=" " ind2="7" tag="650"><subfield code="a">Propriété industrielle</subfield><subfield code="0">(IDREF)027479900</subfield><subfield code="2">idref</subfield></datafield><datafield ind1=" " ind2="7" tag="650"><subfield code="a">Pharmacie</subfield><subfield code="0">(IDREF)027246620</subfield><subfield code="2">idref</subfield></datafield><datafield ind1=" " ind2="7" tag="650"><subfield code="a">Droit</subfield><subfield code="0">(IDREF)027466868</subfield><subfield code="2">idref</subfield></datafield><datafield ind1=" " ind2="7" tag="650"><subfield code="a">Industrie pharmaceutique</subfield><subfield code="0">(IDREF)027292630</subfield><subfield code="2">idref</subfield></datafield><datafield ind1=" " ind2="7" tag="650"><subfield code="a">Médicaments</subfield><subfield code="0">(IDREF)027239144</subfield><subfield code="2">idref</subfield></datafield><datafield ind1=" " ind2="7" tag="650"><subfield code="a">Brevets d'invention</subfield><subfield code="0">(IDREF)02750610X</subfield><subfield code="2">idref</subfield></datafield><datafield ind1=" " ind2="7" tag="651"><subfield code="a">Niederlande</subfield><subfield code="0">(DE-588)4042203-3</subfield><subfield code="2">gnd</subfield></datafield><datafield ind1=" " ind2="7" tag="651"><subfield code="a">Deutschland</subfield><subfield code="0">(DE-588)4011882-4</subfield><subfield code="2">gnd</subfield></datafield><datafield ind1=" " ind2="7" tag="651"><subfield code="a">England</subfield><subfield code="0">(DE-588)4014770-8</subfield><subfield code="2">gnd</subfield></datafield><datafield ind1=" " ind2="7" tag="651"><subfield code="a">Frankreich</subfield><subfield code="0">(DE-588)4018145-5</subfield><subfield code="2">gnd</subfield></datafield><datafield ind1=" " ind2="7" tag="651"><subfield code="a">Italien</subfield><subfield code="0">(DE-588)4027833-5</subfield><subfield code="2">gnd</subfield></datafield><datafield ind1=" " ind2="2" tag="651"><subfield code="a">Europe</subfield><subfield code="0">(DNLM)D005060</subfield></datafield><datafield ind1=" " ind2="7" tag="651"><subfield code="a">Schweiz</subfield><subfield code="0">(DE-588)4053881-3</subfield><subfield code="2">gnd</subfield></datafield><datafield ind1=" " ind2="7" tag="651"><subfield code="a">Suisse</subfield><subfield code="0">(IDREF)027249654</subfield><subfield code="2">idref</subfield></datafield><datafield ind1=" " ind2="7" tag="651"><subfield code="a">Allemagne</subfield><subfield code="0">(IDREF)027218856</subfield><subfield code="2">idref</subfield></datafield><datafield ind1=" " ind2="7" tag="651"><subfield code="a">Grande-Bretagne</subfield><subfield code="0">(IDREF)027228231</subfield><subfield code="2">idref</subfield></datafield><datafield ind1=" " ind2="7" tag="651"><subfield code="a">France</subfield><subfield code="0">(IDREF)027226794</subfield><subfield code="2">idref</subfield></datafield><datafield ind1=" " ind2="7" tag="651"><subfield code="a">Italie</subfield><subfield code="0">(IDREF)027235408</subfield><subfield code="2">idref</subfield></datafield><datafield ind1=" " ind2="7" tag="651"><subfield code="a">Pays-Bas</subfield><subfield code="0">(IDREF)027252361</subfield><subfield code="2">idref</subfield></datafield><datafield ind1=" " ind2="7" tag="655"><subfield code="a">Aufsatzsammlung</subfield><subfield code="2">gnd-content</subfield></datafield><datafield ind1=" " ind2="7" tag="655"><subfield code="a">[Études diverses]</subfield><subfield code="0">(RERO)A022249905</subfield><subfield code="2">rero</subfield></datafield><datafield ind1=" " ind2=" " tag="690"><subfield code="a">Patentschrift; Bundesverwaltungsgericht; Bundesgericht; Bundespatentgericht; Bundesgerichtshof; Bezirksgericht; Landgericht; Verfassungsgericht; Beschluss; Genehmigungsverfahren; Arzneimittelrecht; General; Patentrecht; Zertifikat; Court; Schutz; Kündigung; Gesetz; Produkt; Internationales Abkommen; Entwurf; Vorschrift; Entscheidung; Patentanmeldung; Abteilung; Lizenz; Gegenstand; Grant; Paris</subfield><subfield code="2">idssg-J</subfield></datafield><datafield ind1=" " ind2=" " tag="690"><subfield code="a">Schutzzertifikat; Erteilungsverfahren; Pharmarecht; Fristverlängerung; Bewerbungsverfahren; Bundespatent; Primärrecht; Berufungsgericht; Bundesrekurskommission; Entwicklungsgesellschaft; Erteilungsvoraussetzung; Staatskanzlei; Zentrafarm; Anwendungsanforderung; Grundpatentanmeldung; Nutzungsrechter; Schutzdauer; Stoffkombination; Anmeldegebühr; Anwendungsbereich; Bewerbungsfrist; Bundeskammer; Eigendom; Entstehungsgeschichte; Förderzentrum; Hydrochlorothiazid; Patentinhaber; Patentlaufzeit; Patentregister; Perflutren; Rechtsquelle; Schutzumfang; Trioxan; Zertifikatsinhaber; Zostervirus</subfield><subfield code="2">idssg-J</subfield></datafield><datafield ind1=" " ind2=" " tag="690"><subfield code="a">europäische Rechtsprechung; weitere Verwendung; allgemeine Anwendungsanforderung; allgemeiner Grundsatz; andere Jurisdiktion; ausgewählte Entscheidung; ausgewählte Rechtsquelle; dritt MAs; ehemalige Bundesrekurskommission; ergänzendes Schutzzertifikat; erlaubtes Zeichen; erst SPC; erste Genehmigung; europäisch LAW; europäische Kommission; europäisches Primärrecht; europäische Richtlinie; europäische Union; europäische Vorschrift; exterritoriale Ermächtigung; früh Certificate; frühe Patentanmeldung; geistiges Eigentum; gleiches Ergebnis; gleiches Produkt; inhaltliche Erteilungsvoraussetzung; internationaler Vertrag; italienisches Gericht; medizinische Verwendung; multipel ESZ; nationales Gesetz; nationales Patent; nationales Pharmarecht; negative Bedingung; niederländisches Gericht; niederländischer Kontext; niederländisches Patentregister; oberer Gerichtshof; pädiatrische Erweiterung; rechte Beschränkung; rechte Verpflichtung; schweizer Gericht; schweizerische Rechtsprechung; spezifisches Problem; subdiuretische Dosis; vereinigtes Königreich; vorbereitend Actual; vorbereitende Maßnahme; vorzeitig Lapse; vorzeitige Aussetzung; wirtschaftliche Relevanz; zivilrechtliche Abteilung</subfield><subfield code="2">idssg-J</subfield></datafield><datafield ind1=" " ind2=" " tag="690"><subfield code="a">Vereinigte Staaten C1USA; Frankreich C4EUFR; Deutschland C4EUGE; Niederlande C4EUNE; Italien C4EUIT; Schweiz C4EXSI; Massachusetts C1USA; England C4EUUK; Nordrhein-Westfalen C4EUGE; Kanada C1CANA; Großbritannien C4EUUK[0]; EU C4EU</subfield><subfield code="2">idssg-J</subfield></datafield><datafield ind1=" " ind2=" " tag="690"><subfield code="a">Abbott Laboratories; Accord Healthcare; Actavis Group; Anhang Ausgewählte Entscheidungen; Anhang Ausgewählte Rechtsquellen; Arne Forsgren; Beck Hart Nomos; Bayer Crop Science; Bezirksgericht Den Haag Verwaltungsrecht Abteilung; Boehringer Ingelheim Pharma; Bundespatentgericht Bundespatent BPatG; Büro voor; Bühlers BECK Hart Nomos; Comptroller General Patente Designs; Comptroller General of Patents; Comptroller General of Patents Designs; Contents Bezirksgericht Den Haag; Contents Rechte Beschränkungen; Court of Rome Fall; Daiichi Sankyo; Differin Gel Nr; Dirk Bühlers BECK Hart Nomos; Dr. Reddy Laboratories; Economie; Eli Lilly; Entwicklungsgesellschaft Aventis Holdings; General DES; Galantamin Generics; Genzyme Biosurgery; Gerichts Azoxystrobin folpel; Gilead Sciences; Glaxosmithkline Biologicals; High Court of England; Idarubicin Farmitalia; Industriele; Institut of; Intellectual Property; Janssen Pharmaceuticals; Marco Stief; Massachusetts Institute of Technology; Medicines Evaluation Board; Memantine Synthon; Merck Sharpe Dohme; Merz; Milan Irbesartan Hydrochlorothiazid; Nancy Auszug; Neurim Pharmaceuticals; Novartis Pharmaceuticals; Oberst Gerichts Azoxystrobin folpel; Octroicentrum Nederland; Of Contents Novartis Novartis; Of Contents Telmisartan</subfield><subfield code="2">idssg-J</subfield></datafield><datafield ind1=" " ind2=" " tag="691"><subfield code="e">PF 86.1</subfield><subfield code="2">rzs-L1</subfield></datafield><datafield ind1="1" ind2=" " tag="700"><subfield code="a">Bühler, Dirk</subfield><subfield code="0">(DE-588)1026679168</subfield><subfield code="e">Herausgeber</subfield><subfield code="4">edt</subfield></datafield><datafield ind1="1" ind2=" " tag="700"><subfield code="6">880-03</subfield><subfield code="a">Stief, Marco</subfield><subfield code="0">(DE-588)1076874592</subfield><subfield code="e">Herausgeber</subfield><subfield code="4">edt</subfield></datafield><datafield ind1="1" ind2=" " tag="880"><subfield code="6">700-03</subfield><subfield code="a">Stief, Marco</subfield><subfield code="d">19..-....</subfield><subfield code="0">(IDREF)258467746</subfield><subfield code="4">edt</subfield></datafield><datafield ind1="4" ind2=" " tag="856"><subfield code="3">Titelblatt und Inhaltsverzeichnis</subfield><subfield code="u">https://toc.library.ethz.ch/objects/pdf03/z16_978-3-406-64856-4_01.pdf</subfield><subfield code="q">pdf</subfield></datafield><datafield ind1=" " ind2=" " tag="900"><subfield code="a">IDSZ2zbzmon201703l</subfield><subfield code="c">IDSZ2tobt</subfield><subfield code="d">IDSZ2zbzswk201708g</subfield><subfield code="e">IDSZ2bruu</subfield></datafield><datafield ind1=" " ind2=" " tag="900"><subfield code="a">IDSZ2rwimon201602f</subfield><subfield code="c">IDSZ2irell 160203</subfield><subfield code="d">IDSZ2rwiswk201603b</subfield><subfield code="e">IDSZ2sust</subfield></datafield><datafield ind1=" " ind2=" " tag="900"><subfield code="a">IDSDSStoppsignal FRED</subfield></datafield><datafield ind1=" " ind2=" " tag="900"><subfield code="a">REROnoselfmerge</subfield></datafield><datafield ind1=" " ind2=" " tag="949"><subfield code="a">https://toc.library.ethz.ch/objects/pdf03/z16_978-3-406-64856-4_01.pdf</subfield></datafield></record>
</metadata></record>