<record><header><identifier>oai:alma.41SLSP_UGE:991000009049705502</identifier><datestamp>2024-06-05T00:11:22Z</datestamp><setSpec>uge_bcen_RapidILL_BOOK</setSpec><setSpec>uge_aaca_RapidILL_BOOK</setSpec><setSpec>uge_abels_RapidILL_BOOK</setSpec><setSpec>uge_dbu_RapidILL_BOOK</setSpec><setSpec>uge_cmu_RapidILL_BOOK</setSpec><setSpec>uge_mail_RapidILL_BOOK</setSpec><setSpec>uge_abbat_RapidILL_BOOK</setSpec><setSpec>UNIGE_ALL</setSpec><setSpec>uge_acar_RapidILL_BOOK</setSpec><setSpec>uge_aobs_RapidILL_BOOK</setSpec></header><metadata>
<record xmlns="http://www.loc.gov/MARC21/slim" xmlns:xsi="http://www.w3.org/2001/XMLSchema-instance" xsi:schemaLocation="http://www.loc.gov/MARC21/slim http://www.loc.gov/standards/marcxml/schema/MARC21slim.xsd"><leader>02282nam a2200613 c 4500</leader><controlfield tag="001">991000009049705502</controlfield><controlfield tag="005">20220316175607.0</controlfield><controlfield tag="008">201011s1998    it ||||| |||| 00| ||ita d</controlfield><datafield ind1=" " ind2=" " tag="020"><subfield code="a">8882460649</subfield></datafield><datafield ind1="7" ind2=" " tag="024"><subfield code="a">http://catalogue.bnf.fr/ark:/12148/cb37538006t</subfield><subfield code="2">uri</subfield></datafield><datafield ind1=" " ind2=" " tag="035"><subfield code="a">(swissbib)220389896-41slsp_network</subfield></datafield><datafield ind1=" " ind2=" " tag="035"><subfield code="a">220389896</subfield><subfield code="9">ExL</subfield></datafield><datafield ind1=" " ind2=" " tag="035"><subfield code="a">(RERO)R236231260-41slsp</subfield></datafield><datafield ind1=" " ind2=" " tag="035"><subfield code="a">(NEBIS)001995856EBI01</subfield></datafield><datafield ind1=" " ind2=" " tag="035"><subfield code="a">(IDSBB)002800198DSV01</subfield></datafield><datafield ind1=" " ind2=" " tag="035"><subfield code="a">(SBT)000107714SBT01</subfield></datafield><datafield ind1=" " ind2=" " tag="035"><subfield code="a">(EXLNZ-41SLSP_NETWORK)991092386499705501</subfield></datafield><datafield ind1=" " ind2=" " tag="040"><subfield code="a">RERO tibrb-</subfield><subfield code="d">CH-ZuSLS</subfield></datafield><datafield ind1="1" ind2=" " tag="041"><subfield code="a">ita</subfield><subfield code="a">lat</subfield><subfield code="h">lat</subfield></datafield><datafield ind1=" " ind2="7" tag="072"><subfield code="a">it</subfield><subfield code="2">rero</subfield></datafield><datafield ind1="0" ind2="0" tag="082"><subfield code="a">915.04/2/092</subfield><subfield code="a">B</subfield><subfield code="2">21</subfield></datafield><datafield ind1="0" ind2="4" tag="082"><subfield code="a">950.2</subfield></datafield><datafield ind1="1" ind2="4" tag="082"><subfield code="a">915.042</subfield><subfield code="2">22</subfield></datafield><datafield ind1="1" ind2="4" tag="082"><subfield code="a">950</subfield></datafield><datafield ind1=" " ind2=" " tag="084"><subfield code="a">IT 6757</subfield><subfield code="2">rvk</subfield></datafield><datafield ind1="1" ind2=" " tag="100"><subfield code="6">880-01</subfield><subfield code="a">Polo, Marco</subfield><subfield code="d">1254-1324</subfield><subfield code="0">(IDREF)027298957</subfield><subfield code="4">cre</subfield></datafield><datafield ind1="1" ind2=" " tag="880"><subfield code="a">Polo, Marco</subfield><subfield code="d">1254-1324</subfield><subfield code="6">100-01</subfield><subfield code="0">(DE-588)118595563</subfield></datafield><datafield ind1="1" ind2="0" tag="245"><subfield code="a">Milione</subfield><subfield code="b">redazione latina del manoscritto Z</subfield><subfield code="c">Marco Polo ; a cura di Alvaro Barbieri</subfield></datafield><datafield ind1=" " ind2="1" tag="264"><subfield code="a">[Milano]</subfield><subfield code="b">Fondazione Pietro Bembo</subfield><subfield code="a">Parma</subfield><subfield code="b">U. Guanda</subfield><subfield code="c">1998</subfield></datafield><datafield ind1=" " ind2=" " tag="300"><subfield code="a">LIX, 704 p.</subfield><subfield code="c">20 cm</subfield></datafield><datafield ind1=" " ind2=" " tag="336"><subfield code="b">txt</subfield><subfield code="2">rdacontent</subfield></datafield><datafield ind1=" " ind2=" " tag="337"><subfield code="b">n</subfield><subfield code="2">rdamedia</subfield></datafield><datafield ind1=" " ind2=" " tag="338"><subfield code="b">nc</subfield><subfield code="2">rdacarrier</subfield></datafield><datafield ind1="1" ind2=" " tag="490"><subfield code="a">Biblioteca di scrittori italiani</subfield></datafield><datafield ind1=" " ind2=" " tag="500"><subfield code="a">Text lat. und ital. parallel angeordnet</subfield></datafield><datafield ind1=" " ind2=" " tag="500"><subfield code="a">Versione italiana a fronte</subfield></datafield><datafield ind1=" " ind2=" " tag="504"><subfield code="a">Literaturverz.</subfield></datafield><datafield ind1="1" ind2="7" tag="600"><subfield code="a">Polo, Marco</subfield><subfield code="d">1254-1324</subfield><subfield code="t">&lt;&lt;Il&gt;&gt; Milione</subfield><subfield code="0">(DE-588)4284152-5</subfield><subfield code="2">gnd</subfield></datafield><datafield ind1="1" ind2="0" tag="600"><subfield code="a">Polo, Marco</subfield><subfield code="d">1254-1323?</subfield><subfield code="x">Travel</subfield><subfield code="z">Asia</subfield></datafield><datafield ind1=" " ind2="7" tag="650"><subfield code="a">Latein</subfield><subfield code="0">(DE-588)4114364-4</subfield><subfield code="2">gnd</subfield></datafield><datafield ind1=" " ind2="7" tag="650"><subfield code="a">Übersetzung</subfield><subfield code="0">(DE-588)4061418-9</subfield><subfield code="2">gnd</subfield></datafield><datafield ind1=" " ind2="0" tag="650"><subfield code="a">Mongols</subfield><subfield code="x">History</subfield></datafield><datafield ind1=" " ind2="0" tag="650"><subfield code="a">Mongols</subfield><subfield code="x">History</subfield><subfield code="x">Early works to 1800</subfield></datafield><datafield ind1=" " ind2="0" tag="650"><subfield code="a">Voyages and travels</subfield></datafield><datafield ind1=" " ind2="0" tag="650"><subfield code="a">Voyages and travels</subfield><subfield code="x">Early works to 1800</subfield></datafield><datafield ind1=" " ind2="7" tag="651"><subfield code="a">Asien</subfield><subfield code="2">idszbz</subfield></datafield><datafield ind1=" " ind2="0" tag="651"><subfield code="a">Asia</subfield><subfield code="x">Description and travel</subfield></datafield><datafield ind1=" " ind2="0" tag="651"><subfield code="a">Asia</subfield><subfield code="x">Description and travel</subfield><subfield code="x">Early works to 1800</subfield></datafield><datafield ind1=" " ind2="7" tag="655"><subfield code="a">Reisebericht</subfield><subfield code="2">idszbz</subfield></datafield><datafield ind1=" " ind2=" " tag="691"><subfield code="e">910.4</subfield><subfield code="a">Narrazioni di viaggi e strutture per viaggiatori</subfield><subfield code="2">usi-TE</subfield></datafield><datafield ind1="1" ind2=" " tag="700"><subfield code="6">880-02</subfield><subfield code="a">Barbieri, Alvaro</subfield><subfield code="d">1969-</subfield><subfield code="0">(DE-588)135551277</subfield></datafield><datafield ind1="1" ind2=" " tag="880"><subfield code="6">700-02</subfield><subfield code="a">Barbieri, Alvaro</subfield><subfield code="d">1969-....</subfield><subfield code="0">(IDREF)035771615</subfield></datafield><datafield ind1=" " ind2="0" tag="830"><subfield code="a">Biblioteca di scrittori italiani</subfield><subfield code="p">Fondazione Pietro Bembo</subfield><subfield code="w">(RERO)1301936-41slsp</subfield></datafield><datafield ind1=" " ind2=" " tag="900"><subfield code="a">REROnoselfmerge</subfield></datafield><datafield ind1=" " ind2=" " tag="900"><subfield code="a">IDST9limend</subfield></datafield><datafield ind1=" " ind2=" " tag="993"><subfield code="a">BFLA 125709</subfield><subfield code="x">ge/ulit/a/99/121</subfield><subfield code="9">LOCAL</subfield></datafield></record>
</metadata></record>