<record><header><identifier>oai:alma.41SLSP_UGE:991000050149705502</identifier><datestamp>2023-04-08T00:13:53Z</datestamp><setSpec>uge_bcen_RapidILL_BOOK</setSpec><setSpec>uge_aaca_RapidILL_BOOK</setSpec><setSpec>uge_abels_RapidILL_BOOK</setSpec><setSpec>uge_dbu_RapidILL_BOOK</setSpec><setSpec>uge_cmu_RapidILL_BOOK</setSpec><setSpec>uge_mail_RapidILL_BOOK</setSpec><setSpec>uge_abbat_RapidILL_BOOK</setSpec><setSpec>UNIGE_ALL</setSpec><setSpec>uge_acar_RapidILL_BOOK</setSpec><setSpec>uge_aobs_RapidILL_BOOK</setSpec></header><metadata>
<record xmlns="http://www.loc.gov/MARC21/slim" xmlns:xsi="http://www.w3.org/2001/XMLSchema-instance" xsi:schemaLocation="http://www.loc.gov/MARC21/slim http://www.loc.gov/standards/marcxml/schema/MARC21slim.xsd"><leader>03134nam a2200601 c 4500</leader><controlfield tag="001">991000050149705502</controlfield><controlfield tag="005">20230407144343.0</controlfield><controlfield tag="008">201012s2018    xxuab    b    001 0 eng d</controlfield><datafield ind1=" " ind2=" " tag="010"><subfield code="a">2018007175</subfield></datafield><datafield ind1="7" ind2=" " tag="016"><subfield code="a">019034112</subfield><subfield code="2">Uk</subfield></datafield><datafield ind1=" " ind2=" " tag="020"><subfield code="a">1575067919</subfield><subfield code="q">hardback</subfield></datafield><datafield ind1=" " ind2=" " tag="020"><subfield code="a">9781575067919</subfield><subfield code="q">hardback</subfield></datafield><datafield ind1="8" ind2=" " tag="024"><subfield code="a">40028356663</subfield></datafield><datafield ind1=" " ind2=" " tag="035"><subfield code="a">(swissbib)240243595-41slsp_network</subfield></datafield><datafield ind1=" " ind2=" " tag="035"><subfield code="a">240243595</subfield><subfield code="9">ExL</subfield></datafield><datafield ind1=" " ind2=" " tag="035"><subfield code="a">(RERO)R009007066-41slsp</subfield></datafield><datafield ind1=" " ind2=" " tag="035"><subfield code="a">(NEBIS)011344622EBI01</subfield></datafield><datafield ind1=" " ind2=" " tag="035"><subfield code="a">(OCoLC)1027732443</subfield></datafield><datafield ind1=" " ind2=" " tag="035"><subfield code="a">(EXLNZ-41SLSP_NETWORK)991128663669705501</subfield></datafield><datafield ind1=" " ind2=" " tag="040"><subfield code="a">PSt/DLC</subfield><subfield code="b">eng</subfield><subfield code="e">rda</subfield><subfield code="d">CH-ZuSLS</subfield></datafield><datafield ind1=" " ind2=" " tag="042"><subfield code="a">pcc</subfield></datafield><datafield ind1=" " ind2=" " tag="043"><subfield code="a">a-is---</subfield><subfield code="a">awba---</subfield><subfield code="a">awgz---</subfield></datafield><datafield ind1="0" ind2="0" tag="050"><subfield code="a">PJ3701</subfield><subfield code="b">H67 2018</subfield></datafield><datafield ind1=" " ind2="7" tag="072"><subfield code="a">ha</subfield><subfield code="2">rero</subfield></datafield><datafield ind1="0" ind2="0" tag="082"><subfield code="a">492/.1</subfield><subfield code="2">23</subfield></datafield><datafield ind1="1" ind2=" " tag="100"><subfield code="a">Horowitz, Wayne</subfield><subfield code="d">1957-</subfield><subfield code="0">(DE-588)17325473X</subfield><subfield code="e">Verfasser</subfield><subfield code="4">aut</subfield><subfield code="6">880-01</subfield></datafield><datafield ind1="1" ind2=" " tag="880"><subfield code="6">100-01</subfield><subfield code="a">Horowitz, Wayne</subfield><subfield code="d">1957-....</subfield><subfield code="0">(IDREF)12178729X</subfield><subfield code="4">aut</subfield></datafield><datafield ind1="1" ind2="0" tag="245"><subfield code="a">Cuneiform in Canaan</subfield><subfield code="b">the next generation</subfield><subfield code="c">Wayne Horowitz, Takayoshi Oshima, Seth L. Sanders ; Yigal Bloch, Janet Safford, E. Jan Wilson, Peter Zilberg</subfield></datafield><datafield ind1=" " ind2=" " tag="250"><subfield code="a">Second edition.</subfield></datafield><datafield ind1=" " ind2="1" tag="264"><subfield code="a">University Park, Pennsylvania</subfield><subfield code="b">Eisenbrauns</subfield><subfield code="c">[2018]</subfield></datafield><datafield ind1=" " ind2="4" tag="264"><subfield code="c">© 2018</subfield></datafield><datafield ind1=" " ind2=" " tag="300"><subfield code="a">xii, 248 pages</subfield><subfield code="b">illustrations, map</subfield><subfield code="c">26 cm</subfield></datafield><datafield ind1=" " ind2=" " tag="336"><subfield code="b">txt</subfield><subfield code="2">rdacontent</subfield></datafield><datafield ind1=" " ind2=" " tag="337"><subfield code="b">n</subfield><subfield code="2">rdamedia</subfield></datafield><datafield ind1=" " ind2=" " tag="338"><subfield code="b">nc</subfield><subfield code="2">rdacarrier</subfield></datafield><datafield ind1=" " ind2=" " tag="504"><subfield code="a">Includes bibliographical references and indexes</subfield></datafield><datafield ind1="0" ind2=" " tag="505"><subfield code="a">Part I: The corpus. Introduction -- The history of Cuneiform in Canaan -- Part II: The sources. Aphek -- Ashdod -- Ashqelon -- Beer Sheva -- Ben Shemen -- Beth Mirsim -- Beth Shean -- Beth Shemesh -- Gezer -- Tel Hadid -- Hazor -- Hebron -- Tel el-Ḥesi -- Tell Jemmeh -- Jericho -- Jerusalem -- Tel Keisan -- Khirbet Kusiya -- Megiddo -- Mikhmoret -- Tel en-Naṣbeh -- Qaqun -- Samaria -- Sepphoris (Ṣippori) -- Shechem -- Shephela -- Taanach 00 Tabor -- Wingate -- Part III: Alphabetic Cuneiform texts. Beth Shemesh 1 -- Taanach 14 -- Tabor 1</subfield></datafield><datafield ind1="8" ind2=" " tag="520"><subfield code="a">Presents an updated version of the origianl Cuneiform in Canaan volume that was published by the Israel Exploration Society and the Hebrew University of Jerusalem in 2006. This volume presents all ninety-seven of the known texts, including new tablets and fragments from Hazor, Megiddo, and now, for the first time, Jerusalem</subfield></datafield><datafield ind1=" " ind2="7" tag="650"><subfield code="a">Tablettes cunéiformes</subfield><subfield code="0">(IDREF)028136055</subfield><subfield code="2">idref</subfield></datafield><datafield ind1=" " ind2="7" tag="650"><subfield code="a">Cananéen (langue) ancien</subfield><subfield code="0">(IDREF)031915906</subfield><subfield code="2">idref</subfield></datafield><datafield ind1=" " ind2="0" tag="650"><subfield code="a">Cuneiform inscriptions</subfield></datafield><datafield ind1=" " ind2="7" tag="650"><subfield code="a">Keilschrifttext</subfield><subfield code="0">(DE-588)4130946-7</subfield><subfield code="2">gnd</subfield></datafield><datafield ind1=" " ind2="7" tag="650"><subfield code="a">Antiquities</subfield><subfield code="2">fast</subfield></datafield><datafield ind1=" " ind2="7" tag="650"><subfield code="a">Cuneiform inscriptions</subfield><subfield code="2">fast</subfield></datafield><datafield ind1=" " ind2="0" tag="651"><subfield code="a">Israel</subfield><subfield code="x">Antiquities</subfield></datafield><datafield ind1=" " ind2="0" tag="651"><subfield code="a">Palestine</subfield><subfield code="x">Antiquities</subfield></datafield><datafield ind1=" " ind2="7" tag="651"><subfield code="a">Israel</subfield><subfield code="2">fast</subfield></datafield><datafield ind1=" " ind2="7" tag="651"><subfield code="a">Middle East</subfield><subfield code="z">Palestine</subfield><subfield code="2">fast</subfield></datafield><datafield ind1="1" ind2=" " tag="700"><subfield code="a">Oshima, Takayoshi</subfield><subfield code="d">1967-</subfield><subfield code="0">(DE-588)135720249</subfield><subfield code="e">Verfasser</subfield><subfield code="4">aut</subfield><subfield code="6">880-02</subfield></datafield><datafield ind1="1" ind2=" " tag="880"><subfield code="6">700-02</subfield><subfield code="a">Oshima, Takayoshi</subfield><subfield code="0">(IDREF)121787427</subfield><subfield code="4">aut</subfield></datafield><datafield ind1="1" ind2=" " tag="700"><subfield code="a">Sanders, Seth L.</subfield><subfield code="d">1968-</subfield><subfield code="0">(DE-588)138505675</subfield><subfield code="e">Verfasser</subfield><subfield code="4">aut</subfield><subfield code="6">880-03</subfield></datafield><datafield ind1="1" ind2=" " tag="880"><subfield code="6">700-03</subfield><subfield code="a">Sanders, Seth Larkin</subfield><subfield code="0">(IDREF)121787788</subfield><subfield code="4">aut</subfield></datafield><datafield ind1=" " ind2=" " tag="900"><subfield code="a">REROnoselfmerge</subfield></datafield><datafield ind1=" " ind2=" " tag="910"><subfield code="a">OCoLC</subfield><subfield code="b">20200127</subfield><subfield code="c">Réutilisation sous conditions: Licence ODC-BY</subfield></datafield></record>
</metadata></record>