<record><header><identifier>oai:alma.41SLSP_UGE:991000049629705502</identifier><datestamp>2023-06-11T00:12:53Z</datestamp><setSpec>uge_bcen_RapidILL_BOOK</setSpec><setSpec>uge_aaca_RapidILL_BOOK</setSpec><setSpec>uge_abels_RapidILL_BOOK</setSpec><setSpec>uge_dbu_RapidILL_BOOK</setSpec><setSpec>uge_cmu_RapidILL_BOOK</setSpec><setSpec>uge_mail_RapidILL_BOOK</setSpec><setSpec>UNIGE_ALL</setSpec><setSpec>uge_abbat_RapidILL_BOOK</setSpec><setSpec>uge_aobs_RapidILL_BOOK</setSpec><setSpec>uge_acar_RapidILL_BOOK</setSpec></header><metadata>
<record xmlns="http://www.loc.gov/MARC21/slim" xmlns:xsi="http://www.w3.org/2001/XMLSchema-instance" xsi:schemaLocation="http://www.loc.gov/MARC21/slim http://www.loc.gov/standards/marcxml/schema/MARC21slim.xsd"><leader>01441nam a2200385 c 4500</leader><controlfield tag="001">991000049629705502</controlfield><controlfield tag="005">20201231122110.0</controlfield><controlfield tag="008">201012s1976    fr ||||| |||| 00| ||fre d</controlfield><datafield ind1="7" ind2=" " tag="024"><subfield code="a">http://catalogue.bnf.fr/ark:/12148/cb34696428r</subfield><subfield code="2">uri</subfield></datafield><datafield ind1=" " ind2=" " tag="035"><subfield code="a">(swissbib)238251594-41slsp_network</subfield></datafield><datafield ind1=" " ind2=" " tag="035"><subfield code="a">238251594</subfield><subfield code="9">ExL</subfield></datafield><datafield ind1=" " ind2=" " tag="035"><subfield code="a">(RERO)0813221-41slsp</subfield></datafield><datafield ind1=" " ind2=" " tag="035"><subfield code="a">(NEBIS)003155995EBI01</subfield></datafield><datafield ind1=" " ind2=" " tag="035"><subfield code="a">(EXLNZ-41SLSP_NETWORK)991105160099705501</subfield></datafield><datafield ind1=" " ind2=" " tag="040"><subfield code="a">RERO gevbpu</subfield><subfield code="d">CH-ZuSLS</subfield></datafield><datafield ind1=" " ind2="7" tag="072"><subfield code="a">fr</subfield><subfield code="2">rero</subfield></datafield><datafield ind1="0" ind2="4" tag="082"><subfield code="a">840.900 91</subfield><subfield code="2">21</subfield></datafield><datafield ind1="0" ind2="4" tag="082"><subfield code="a">843.9</subfield><subfield code="b">D476ce</subfield></datafield><datafield ind1="1" ind2=" " tag="100"><subfield code="a">Céline, Louis-Ferdinand</subfield><subfield code="d">1894-1961</subfield><subfield code="0">(DE-588)118519867</subfield><subfield code="6">880-01</subfield></datafield><datafield ind1="1" ind2=" " tag="880"><subfield code="6">100-01</subfield><subfield code="a">Céline, Louis-Ferdinand</subfield><subfield code="d">1894-1961</subfield><subfield code="0">(IDREF)026774240</subfield><subfield code="4">cre</subfield></datafield><datafield ind1="1" ind2="0" tag="245"><subfield code="a">Céline et l'actualité littéraire, 1932-1957</subfield><subfield code="c">textes réunis et présentés par Jean-Pierre Dauphin et Henri Godard</subfield></datafield><datafield ind1=" " ind2="1" tag="264"><subfield code="a">[Paris]</subfield><subfield code="b">Gallimard</subfield><subfield code="c">1976</subfield></datafield><datafield ind1=" " ind2=" " tag="300"><subfield code="a">185 p.</subfield><subfield code="c">21 cm</subfield></datafield><datafield ind1=" " ind2=" " tag="336"><subfield code="b">txt</subfield><subfield code="2">rdacontent</subfield></datafield><datafield ind1=" " ind2=" " tag="337"><subfield code="b">n</subfield><subfield code="2">rdamedia</subfield></datafield><datafield ind1=" " ind2=" " tag="338"><subfield code="b">nc</subfield><subfield code="2">rdacarrier</subfield></datafield><datafield ind1="1" ind2=" " tag="490"><subfield code="a">Cahiers Céline</subfield><subfield code="v">1</subfield></datafield><datafield ind1=" " ind2=" " tag="504"><subfield code="a">Bibliogr.: p. 173-178</subfield></datafield><datafield ind1="1" ind2="0" tag="600"><subfield code="a">Céline, Louis-Ferdinand</subfield><subfield code="d">1894-1961</subfield></datafield><datafield ind1="1" ind2="0" tag="600"><subfield code="a">Céline, Louis-Ferdinand</subfield><subfield code="d">1894-1961</subfield><subfield code="t">D'un château l'autre</subfield></datafield><datafield ind1=" " ind2="0" tag="650"><subfield code="a">Authors, French</subfield><subfield code="x">Interviews</subfield></datafield><datafield ind1="1" ind2=" " tag="700"><subfield code="a">Godard, Henri</subfield><subfield code="c">professeur de littérature</subfield><subfield code="d">1937-....</subfield><subfield code="0">(IDREF)026894815</subfield></datafield><datafield ind1="1" ind2=" " tag="700"><subfield code="a">Dauphin, Jean-Pierre</subfield><subfield code="d">19..-....</subfield><subfield code="0">(IDREF)026812991</subfield></datafield><datafield ind1=" " ind2=" " tag="830"><subfield code="a">Cahiers Céline</subfield><subfield code="v">1</subfield><subfield code="w">(NEBIS)000987869EBI01</subfield></datafield><datafield ind1=" " ind2=" " tag="900"><subfield code="a">REROnoselfmerge</subfield></datafield><datafield ind1=" " ind2=" " tag="900"><subfield code="a">IDSZRMedeaZBZ</subfield><subfield code="b">IDSZRSWK</subfield></datafield></record>
</metadata></record>