<record><header><identifier>oai:alma.41SLSP_UGE:991000049529705502</identifier><datestamp>2023-03-01T01:08:47Z</datestamp><setSpec>uge_bcen_RapidILL_BOOK</setSpec><setSpec>uge_aaca_RapidILL_BOOK</setSpec><setSpec>uge_abels_RapidILL_BOOK</setSpec><setSpec>uge_dbu_RapidILL_BOOK</setSpec><setSpec>uge_cmu_RapidILL_BOOK</setSpec><setSpec>uge_mail_RapidILL_BOOK</setSpec><setSpec>UNIGE_ALL</setSpec><setSpec>uge_abbat_RapidILL_BOOK</setSpec><setSpec>uge_aobs_RapidILL_BOOK</setSpec><setSpec>uge_acar_RapidILL_BOOK</setSpec></header><metadata>
<record xmlns="http://www.loc.gov/MARC21/slim" xmlns:xsi="http://www.w3.org/2001/XMLSchema-instance" xsi:schemaLocation="http://www.loc.gov/MARC21/slim http://www.loc.gov/standards/marcxml/schema/MARC21slim.xsd"><leader>01246nam a2200313uc 4500</leader><controlfield tag="001">991000049529705502</controlfield><controlfield tag="005">20201229231227.0</controlfield><controlfield tag="008">201011s1980    xxu    |      10| ||eng|d</controlfield><datafield ind1=" " ind2=" " tag="035"><subfield code="a">(swissbib)217468535-41slsp_network</subfield></datafield><datafield ind1=" " ind2=" " tag="035"><subfield code="a">217468535</subfield><subfield code="9">ExL</subfield></datafield><datafield ind1=" " ind2=" " tag="035"><subfield code="a">(NEBIS)000226681EBI01</subfield></datafield><datafield ind1=" " ind2=" " tag="035"><subfield code="a">(RERO)R214810060-41slsp</subfield></datafield><datafield ind1=" " ind2=" " tag="035"><subfield code="a">(EXLNZ-41SLSP_NETWORK)991135778859705501</subfield></datafield><datafield ind1=" " ind2=" " tag="040"><subfield code="a">ETH-BIB</subfield><subfield code="b">ger</subfield><subfield code="e">ETHICS-ISBD</subfield><subfield code="d">CH-ZuSLS</subfield></datafield><datafield ind1=" " ind2="7" tag="072"><subfield code="a">in</subfield><subfield code="2">rero</subfield></datafield><datafield ind1="0" ind2="0" tag="245"><subfield code="a">Tutorial and selected readings in interactive computer graphics</subfield><subfield code="b">initially pres. at (the) 20th IEEE Computer Society International Conference, San Francisco, Calif., February 25-28, 1980</subfield><subfield code="c">ed.: Herbert Freeman</subfield></datafield><datafield ind1="1" ind2=" " tag="246"><subfield code="a">Interactive computer graphics</subfield></datafield><datafield ind1=" " ind2="1" tag="264"><subfield code="a">New York</subfield><subfield code="b">The Institute of Electrical and Electronics Engineers</subfield><subfield code="c">1980</subfield></datafield><datafield ind1=" " ind2="4" tag="264"><subfield code="c">© 1980</subfield></datafield><datafield ind1=" " ind2=" " tag="300"><subfield code="a">IX, 415 p.</subfield><subfield code="c">27 cm</subfield><subfield code="b">fig.; tab.</subfield></datafield><datafield ind1=" " ind2=" " tag="336"><subfield code="b">txt</subfield><subfield code="2">rdacontent</subfield></datafield><datafield ind1=" " ind2=" " tag="337"><subfield code="b">n</subfield><subfield code="2">rdamedia</subfield></datafield><datafield ind1=" " ind2=" " tag="338"><subfield code="b">nc</subfield><subfield code="2">rdacarrier</subfield></datafield><datafield ind1=" " ind2=" " tag="500"><subfield code="a">Anlassnamenvariante: Compcon 80</subfield></datafield><datafield ind1=" " ind2=" " tag="504"><subfield code="a">Bibliogr.</subfield></datafield><datafield ind1=" " ind2="7" tag="650"><subfield code="a">COMPUTERGRAFIK</subfield><subfield code="9">ger</subfield><subfield code="0">(ETHUDK)000034723</subfield><subfield code="2">ethudk</subfield></datafield><datafield ind1=" " ind2="7" tag="655"><subfield code="a">Konferenzschrift</subfield><subfield code="z">San Francisco (Calif.)</subfield><subfield code="y">1980</subfield><subfield code="2">gnd-content</subfield></datafield><datafield ind1="1" ind2=" " tag="700"><subfield code="a">Freeman, Herbert</subfield><subfield code="0">(IDREF)031667880</subfield></datafield><datafield ind1="2" ind2=" " tag="711"><subfield code="a">COMPCON (Kongress)</subfield><subfield code="0">(DE-588)1091862281</subfield></datafield><datafield ind1=" " ind2=" " tag="900"><subfield code="a">REROnoselfmerge</subfield></datafield></record>
</metadata></record>