<record><header><identifier>oai:alma.41SLSP_UGE:991000008839705502</identifier><datestamp>2023-06-20T00:25:02Z</datestamp><setSpec>uge_bcen_RapidILL_BOOK</setSpec><setSpec>uge_aaca_RapidILL_BOOK</setSpec><setSpec>uge_abels_RapidILL_BOOK</setSpec><setSpec>uge_dbu_RapidILL_BOOK</setSpec><setSpec>uge_cmu_RapidILL_BOOK</setSpec><setSpec>uge_mail_RapidILL_BOOK</setSpec><setSpec>uge_abbat_RapidILL_BOOK</setSpec><setSpec>UNIGE_ALL</setSpec><setSpec>uge_acar_RapidILL_BOOK</setSpec><setSpec>uge_aobs_RapidILL_BOOK</setSpec></header><metadata>
<record xmlns="http://www.loc.gov/MARC21/slim" xmlns:xsi="http://www.w3.org/2001/XMLSchema-instance" xsi:schemaLocation="http://www.loc.gov/MARC21/slim http://www.loc.gov/standards/marcxml/schema/MARC21slim.xsd"><leader>03758nam a2200877 c 4500</leader><controlfield tag="001">991000008839705502</controlfield><controlfield tag="005">20230619203030.0</controlfield><controlfield tag="008">201012s2008    xxu||||| |||| 00| ||eng d</controlfield><datafield ind1=" " ind2=" " tag="010"><subfield code="a">2008007840</subfield></datafield><datafield ind1="7" ind2=" " tag="016"><subfield code="a">L4009-008621</subfield><subfield code="2">SzZuIDS</subfield></datafield><datafield ind1=" " ind2=" " tag="020"><subfield code="a">0801890403</subfield><subfield code="q">hardcover : alk. paper</subfield></datafield><datafield ind1=" " ind2=" " tag="020"><subfield code="a">9780801890406</subfield><subfield code="q">hardcover</subfield><subfield code="c">USD 25.00</subfield></datafield><datafield ind1="7" ind2=" " tag="024"><subfield code="a">http://catalogue.bnf.fr/ark:/12148/cb41257547q</subfield><subfield code="2">uri</subfield></datafield><datafield ind1=" " ind2=" " tag="035"><subfield code="a">(swissbib)23917397X-41slsp_network</subfield></datafield><datafield ind1=" " ind2=" " tag="035"><subfield code="a">23917397X</subfield><subfield code="9">ExL</subfield></datafield><datafield ind1=" " ind2=" " tag="035"><subfield code="a">(RERO)R005344260-41slsp</subfield></datafield><datafield ind1=" " ind2=" " tag="035"><subfield code="a">(IDSLU)000572814ILU01</subfield></datafield><datafield ind1=" " ind2=" " tag="035"><subfield code="a">(IDSBB)004997976DSV01</subfield></datafield><datafield ind1=" " ind2=" " tag="035"><subfield code="a">(DNLM)101466613</subfield></datafield><datafield ind1=" " ind2=" " tag="035"><subfield code="a">(EXLNZ-41SLSP_NETWORK)991157751919705501</subfield></datafield><datafield ind1=" " ind2=" " tag="040"><subfield code="a">DNLM/DLC</subfield><subfield code="d">CH-ZuSLS</subfield></datafield><datafield ind1="0" ind2="0" tag="050"><subfield code="a">RC394.K8</subfield><subfield code="b">A53 2008</subfield></datafield><datafield ind1="1" ind2="0" tag="060"><subfield code="a">WC 540</subfield><subfield code="b">A552c 2008</subfield></datafield><datafield ind1=" " ind2="7" tag="072"><subfield code="a">me</subfield><subfield code="2">rero</subfield></datafield><datafield ind1=" " ind2="7" tag="072"><subfield code="a">250</subfield><subfield code="2">IDS LU</subfield></datafield><datafield ind1=" " ind2="7" tag="072"><subfield code="a">et</subfield><subfield code="2">SzZuIDS BS/BE</subfield></datafield><datafield ind1="0" ind2="0" tag="082"><subfield code="a">616.80092</subfield><subfield code="2">22</subfield></datafield><datafield ind1=" " ind2=" " tag="084"><subfield code="a">LC 56692</subfield><subfield code="2">rvk</subfield></datafield><datafield ind1=" " ind2=" " tag="084"><subfield code="a">LB 60692</subfield><subfield code="2">rvk</subfield></datafield><datafield ind1="1" ind2=" " tag="100"><subfield code="6">880-01</subfield><subfield code="a">Anderson, Warwick</subfield><subfield code="d">1958-....</subfield><subfield code="0">(IDREF)076987701</subfield><subfield code="4">cre</subfield></datafield><datafield ind1="1" ind2=" " tag="880"><subfield code="a">Anderson, Warwick</subfield><subfield code="d">1958-</subfield><subfield code="0">(DE-588)1044888237</subfield><subfield code="6">100-01</subfield></datafield><datafield ind1="1" ind2="0" tag="245"><subfield code="a">&lt;&lt;The&gt;&gt; collectors of lost souls</subfield><subfield code="b">turning Kuru scientists into whitemen</subfield><subfield code="c">Warwick Anderson</subfield></datafield><datafield ind1=" " ind2="1" tag="264"><subfield code="a">Baltimore</subfield><subfield code="b">Johns Hopkins University Press</subfield><subfield code="c">[2008]</subfield></datafield><datafield ind1=" " ind2="4" tag="264"><subfield code="c">© 2008</subfield></datafield><datafield ind1=" " ind2=" " tag="300"><subfield code="a">318 p.</subfield><subfield code="b">ill., maps</subfield><subfield code="c">24 cm.</subfield></datafield><datafield ind1=" " ind2=" " tag="336"><subfield code="b">txt</subfield><subfield code="2">rdacontent</subfield></datafield><datafield ind1=" " ind2=" " tag="337"><subfield code="b">n</subfield><subfield code="2">rdamedia</subfield></datafield><datafield ind1=" " ind2=" " tag="338"><subfield code="b">nc</subfield><subfield code="2">rdacarrier</subfield></datafield><datafield ind1=" " ind2=" " tag="504"><subfield code="a">Includes bibliographical references (p. [281]-310) and index.</subfield></datafield><datafield ind1="0" ind2=" " tag="505"><subfield code="a">The disease Europeans catch from Kuru -- Stranger relations -- Portrait of the scientist as a young man -- A contemptuous tenderness -- The scientist and his magic -- Hearts of darkness -- Specimen days -- We were their people -- Stumbling along the tortuous road -- Dénouement was a bit difficult</subfield></datafield><datafield ind1="1" ind2="0" tag="600"><subfield code="a">Gajdusek, D. Carleton</subfield><subfield code="q">(Daniel Carleton)</subfield><subfield code="d">1923-2008</subfield></datafield><datafield ind1="1" ind2="2" tag="600"><subfield code="a">Gajdusek, D. Carleton</subfield><subfield code="q">(Daniel Carleton)</subfield><subfield code="d">1923-2008</subfield></datafield><datafield ind1="1" ind2="0" tag="600"><subfield code="a">Gajdusek, D. Carleton</subfield><subfield code="q">Daniel Carleton</subfield><subfield code="d">1923-</subfield></datafield><datafield ind1="1" ind2="2" tag="600"><subfield code="a">Gajdusek, D. Carleton</subfield><subfield code="q">Daniel Carleton</subfield><subfield code="d">1923-</subfield></datafield><datafield ind1=" " ind2="2" tag="650"><subfield code="a">Biomedical Research</subfield><subfield code="x">history</subfield></datafield><datafield ind1=" " ind2="2" tag="650"><subfield code="a">Cannibalism</subfield></datafield><datafield ind1=" " ind2="2" tag="650"><subfield code="a">Funeral Rites</subfield></datafield><datafield ind1=" " ind2="2" tag="650"><subfield code="a">History, 20th Century</subfield></datafield><datafield ind1=" " ind2="7" tag="650"><subfield code="a">Fore (peuple de Papouasie-Nouvelle-Guinée)</subfield><subfield code="0">(IDREF)032807031</subfield><subfield code="2">idref</subfield></datafield><datafield ind1=" " ind2="7" tag="650"><subfield code="a">Cannibalisme</subfield><subfield code="0">(IDREF)027229688</subfield><subfield code="2">idref</subfield></datafield><datafield ind1=" " ind2="7" tag="650"><subfield code="a">Acculturation</subfield><subfield code="0">(IDREF)027299848</subfield><subfield code="2">idref</subfield></datafield><datafield ind1=" " ind2="7" tag="650"><subfield code="a">Anthropologie</subfield><subfield code="0">(IDREF)027295370</subfield><subfield code="2">idref</subfield></datafield><datafield ind1=" " ind2="7" tag="650"><subfield code="a">Kuru</subfield><subfield code="0">(IDREF)027718131</subfield><subfield code="2">idref</subfield></datafield><datafield ind1=" " ind2="2" tag="650"><subfield code="a">Kuru</subfield><subfield code="x">history</subfield></datafield><datafield ind1=" " ind2="7" tag="650"><subfield code="a">Kannibalismus</subfield><subfield code="0">(DE-588)4163192-4</subfield><subfield code="2">gnd</subfield></datafield><datafield ind1=" " ind2="7" tag="650"><subfield code="a">Medizin</subfield><subfield code="0">(DE-588)4038243-6</subfield><subfield code="2">gnd</subfield></datafield><datafield ind1=" " ind2="7" tag="650"><subfield code="a">Biomedizin</subfield><subfield code="0">(DE-588)4647152-2</subfield><subfield code="2">gnd</subfield></datafield><datafield ind1=" " ind2="7" tag="650"><subfield code="a">Bestattungsritus</subfield><subfield code="0">(DE-588)4204578-2</subfield><subfield code="2">gnd</subfield></datafield><datafield ind1=" " ind2="7" tag="650"><subfield code="a">Anthropologie</subfield><subfield code="0">(DE-588)4002230-4</subfield><subfield code="2">gnd</subfield></datafield><datafield ind1=" " ind2="7" tag="650"><subfield code="a">Fore</subfield><subfield code="0">(DE-588)7565364-3</subfield><subfield code="2">gnd</subfield></datafield><datafield ind1=" " ind2="2" tag="650"><subfield code="a">Biomedical Research</subfield></datafield><datafield ind1=" " ind2="0" tag="650"><subfield code="a">Neurologists</subfield><subfield code="z">United States</subfield><subfield code="v">Biography</subfield></datafield><datafield ind1=" " ind2="0" tag="650"><subfield code="a">Virologists</subfield><subfield code="z">United States</subfield><subfield code="v">Biography</subfield></datafield><datafield ind1=" " ind2="0" tag="650"><subfield code="a">Kuru</subfield><subfield code="z">Papua New Guinea</subfield><subfield code="x">History</subfield></datafield><datafield ind1=" " ind2="0" tag="650"><subfield code="a">Fore (Papua New Guinean people)</subfield><subfield code="x">Diseases</subfield></datafield><datafield ind1=" " ind2="2" tag="650"><subfield code="a">Kuru</subfield><subfield code="x">history</subfield><subfield code="z">Papua New Guinea</subfield></datafield><datafield ind1=" " ind2="2" tag="650"><subfield code="a">Biomedical Research</subfield><subfield code="0">(DNLM)D035843</subfield><subfield code="x">history</subfield><subfield code="z">Papua New Guinea</subfield></datafield><datafield ind1=" " ind2="2" tag="650"><subfield code="a">Cannibalism</subfield><subfield code="0">(DNLM)D002190</subfield><subfield code="z">Papua New Guinea</subfield></datafield><datafield ind1=" " ind2="2" tag="650"><subfield code="a">Funeral Rites</subfield><subfield code="0">(DNLM)D005655</subfield><subfield code="z">Papua New Guinea</subfield></datafield><datafield ind1=" " ind2="2" tag="650"><subfield code="a">History, 20th Century</subfield><subfield code="0">(DNLM)D049673</subfield><subfield code="z">Papua New Guinea</subfield></datafield><datafield ind1=" " ind2="2" tag="651"><subfield code="a">Papua New Guinea</subfield></datafield><datafield ind1=" " ind2="7" tag="651"><subfield code="a">Papouasie-Nouvelle-Guinée</subfield><subfield code="0">(IDREF)027350991</subfield><subfield code="2">idref</subfield></datafield><datafield ind1=" " ind2="2" tag="651"><subfield code="a">Papua New Guinea</subfield><subfield code="0">(DNLM)D010219</subfield></datafield><datafield ind1=" " ind2=" " tag="691"><subfield code="e">OJ 5.14.c Fore</subfield><subfield code="a">Fore</subfield><subfield code="2">ubs-FH</subfield></datafield><datafield ind1="4" ind2=" " tag="856"><subfield code="3">Inhaltsverzeichnis</subfield><subfield code="u">https://www.ub.unibas.ch/tox/HBZ/HT015547768/PDF</subfield><subfield code="q">pdf</subfield></datafield><datafield ind1=" " ind2=" " tag="911"><subfield code="a">100</subfield><subfield code="a">Anderson, Warwick</subfield><subfield code="d">1958-</subfield></datafield><datafield ind1=" " ind2=" " tag="949"><subfield code="a">https://www.ub.unibas.ch/tox/HBZ/HT015547768/PDF</subfield></datafield></record>
</metadata></record>