<record><header><identifier>oai:alma.41SLSP_UGE:991000008939705502</identifier><datestamp>2023-03-01T01:08:47Z</datestamp><setSpec>uge_bcen_RapidILL_BOOK</setSpec><setSpec>uge_aaca_RapidILL_BOOK</setSpec><setSpec>uge_abels_RapidILL_BOOK</setSpec><setSpec>uge_dbu_RapidILL_BOOK</setSpec><setSpec>uge_cmu_RapidILL_BOOK</setSpec><setSpec>uge_mail_RapidILL_BOOK</setSpec><setSpec>UNIGE_ALL</setSpec><setSpec>uge_abbat_RapidILL_BOOK</setSpec><setSpec>uge_aobs_RapidILL_BOOK</setSpec><setSpec>uge_acar_RapidILL_BOOK</setSpec></header><metadata>
<record xmlns="http://www.loc.gov/MARC21/slim" xmlns:xsi="http://www.w3.org/2001/XMLSchema-instance" xsi:schemaLocation="http://www.loc.gov/MARC21/slim http://www.loc.gov/standards/marcxml/schema/MARC21slim.xsd"><leader>01978nam a2200481 c 4500</leader><controlfield tag="001">991000008939705502</controlfield><controlfield tag="005">20211108210355.0</controlfield><controlfield tag="008">201012s1970    fr ||||| |||| 00| ||fre d</controlfield><datafield ind1=" " ind2=" " tag="035"><subfield code="a">(swissbib)241710758-41slsp_network</subfield></datafield><datafield ind1=" " ind2=" " tag="035"><subfield code="a">241710758</subfield><subfield code="9">ExL</subfield></datafield><datafield ind1=" " ind2=" " tag="035"><subfield code="a">(RERO)0429997-41slsp</subfield></datafield><datafield ind1=" " ind2=" " tag="035"><subfield code="a">(SBT)000259166SBT01</subfield></datafield><datafield ind1=" " ind2=" " tag="035"><subfield code="a">(NEBIS)007903412EBI01</subfield></datafield><datafield ind1=" " ind2=" " tag="035"><subfield code="a">(IDSLU)000574160ILU01</subfield></datafield><datafield ind1=" " ind2=" " tag="035"><subfield code="a">(EXLNZ-41SLSP_NETWORK)991132649689705501</subfield></datafield><datafield ind1=" " ind2=" " tag="040"><subfield code="a">RERO frbcuc</subfield><subfield code="d">CH-ZuSLS</subfield></datafield><datafield ind1="1" ind2=" " tag="041"><subfield code="a">fre</subfield><subfield code="a">lat</subfield><subfield code="h">lat</subfield></datafield><datafield ind1=" " ind2="7" tag="072"><subfield code="a">th</subfield><subfield code="2">rero</subfield></datafield><datafield ind1=" " ind2="7" tag="072"><subfield code="a">760</subfield><subfield code="2">IDS LU</subfield></datafield><datafield ind1=" " ind2=" " tag="084"><subfield code="a">BO 1160</subfield><subfield code="2">rvk</subfield></datafield><datafield ind1="0" ind2="0" tag="245"><subfield code="a">XIV homélies du IXe siècle d'un auteur inconnu de l'Italie du Nord</subfield><subfield code="c">introd., texte critique, trad. et notes par Paul Mercier</subfield></datafield><datafield ind1="1" ind2=" " tag="246"><subfield code="a">14 homélies du 9ème siècle d'un auteur inconnu de l'Italie du Nord</subfield></datafield><datafield ind1="1" ind2=" " tag="246"><subfield code="a">Quatorze homélies du IXe siècle d'un auteur inconnu de l'Italie du Nord</subfield></datafield><datafield ind1="1" ind2=" " tag="246"><subfield code="a">Quatorze homélies du IXe siècle</subfield></datafield><datafield ind1=" " ind2="1" tag="264"><subfield code="a">Paris</subfield><subfield code="b">Ed. du Cerf</subfield><subfield code="c">1970</subfield></datafield><datafield ind1=" " ind2=" " tag="300"><subfield code="a">265 p.</subfield><subfield code="c">20 cm</subfield></datafield><datafield ind1=" " ind2=" " tag="336"><subfield code="b">txt</subfield><subfield code="2">rdacontent</subfield></datafield><datafield ind1=" " ind2=" " tag="337"><subfield code="b">n</subfield><subfield code="2">rdamedia</subfield></datafield><datafield ind1=" " ind2=" " tag="338"><subfield code="b">nc</subfield><subfield code="2">rdacarrier</subfield></datafield><datafield ind1="1" ind2=" " tag="490"><subfield code="a">Sources chrétiennes</subfield><subfield code="v">no 161</subfield></datafield><datafield ind1=" " ind2=" " tag="500"><subfield code="a">Transmises dans le corpus ambrosien</subfield></datafield><datafield ind1=" " ind2=" " tag="500"><subfield code="a">Ambroise de Milan est l'auteur supposé</subfield></datafield><datafield ind1=" " ind2=" " tag="500"><subfield code="a">Lat.-franz. Paralleltext, Einleitung franz.</subfield></datafield><datafield ind1=" " ind2=" " tag="690"><subfield code="a">Mailand : Ambrosius (von Mailand) : Liturgie : Geschichte 800-900 : Quelle</subfield><subfield code="2">uzb-UL</subfield></datafield><datafield ind1=" " ind2=" " tag="690"><subfield code="a">Predigt &lt;Homilie&gt; : Anthologie</subfield><subfield code="2">uzb-UL</subfield></datafield><datafield ind1=" " ind2=" " tag="691"><subfield code="e">270.1</subfield><subfield code="a">Storia della Chiesa. Periodo apostolico, fino al 325</subfield><subfield code="2">usi-TE</subfield></datafield><datafield ind1="0" ind2=" " tag="700"><subfield code="6">880-02</subfield><subfield code="a">Ambroise</subfield><subfield code="c">saint</subfield><subfield code="d">0340?-0397</subfield><subfield code="0">(IDREF)026684217</subfield></datafield><datafield ind1="0" ind2=" " tag="880"><subfield code="6">700-02</subfield><subfield code="a">Ambrosius</subfield><subfield code="c">Mediolanensis</subfield><subfield code="0">(SBT11)000000211</subfield></datafield><datafield ind1="1" ind2=" " tag="700"><subfield code="a">Mercier, Paul</subfield><subfield code="d">1930-....</subfield><subfield code="0">(IDREF)030926211</subfield></datafield><datafield ind1="0" ind2=" " tag="730"><subfield code="a">14 homélies du 9ème siècle</subfield></datafield><datafield ind1=" " ind2=" " tag="830"><subfield code="a">Sources chrétiennes</subfield><subfield code="v">161</subfield><subfield code="w">(NEBIS)000987100EBI01</subfield></datafield><datafield ind1=" " ind2=" " tag="830"><subfield code="a">Sources chrétiennes</subfield><subfield code="v">161</subfield><subfield code="w">(IDSLU)000163143ILU01</subfield></datafield><datafield ind1=" " ind2=" " tag="830"><subfield code="a">Sources chrétiennes</subfield><subfield code="v">161</subfield><subfield code="w">(RERO)0004377-41slsp</subfield></datafield><datafield ind1=" " ind2=" " tag="900"><subfield code="a">REROnoselfmerge</subfield></datafield></record>
</metadata></record>