<record><header><identifier>oai:alma.41SLSP_UGE:991000008859705502</identifier><datestamp>2024-02-23T01:20:01Z</datestamp><setSpec>uge_bcen_RapidILL_BOOK</setSpec><setSpec>uge_aaca_RapidILL_BOOK</setSpec><setSpec>uge_abels_RapidILL_BOOK</setSpec><setSpec>uge_dbu_RapidILL_BOOK</setSpec><setSpec>uge_cmu_RapidILL_BOOK</setSpec><setSpec>uge_mail_RapidILL_BOOK</setSpec><setSpec>uge_abbat_RapidILL_BOOK</setSpec><setSpec>UNIGE_ALL</setSpec><setSpec>uge_aobs_RapidILL_BOOK</setSpec><setSpec>uge_acar_RapidILL_BOOK</setSpec></header><metadata>
<record xmlns="http://www.loc.gov/MARC21/slim" xmlns:xsi="http://www.w3.org/2001/XMLSchema-instance" xsi:schemaLocation="http://www.loc.gov/MARC21/slim http://www.loc.gov/standards/marcxml/schema/MARC21slim.xsd"><leader>02161nam a2200325 c 4500</leader><controlfield tag="001">991000008859705502</controlfield><controlfield tag="005">20240222164959.0</controlfield><controlfield tag="008">201012s2001    sz ||||| m||| 00| ||fre d</controlfield><datafield ind1=" " ind2=" " tag="019"><subfield code="a">Catalogage: décrit l'ex. de thèse</subfield><subfield code="5">RERO/geudbu/09.2001</subfield></datafield><datafield ind1=" " ind2=" " tag="035"><subfield code="a">(swissbib)242069894-41slsp_network</subfield></datafield><datafield ind1=" " ind2=" " tag="035"><subfield code="a">242069894</subfield><subfield code="9">ExL</subfield></datafield><datafield ind1=" " ind2=" " tag="035"><subfield code="a">(RERO)R003060638-41slsp</subfield></datafield><datafield ind1=" " ind2=" " tag="035"><subfield code="a">(NEBIS)004135004EBI01</subfield></datafield><datafield ind1=" " ind2=" " tag="035"><subfield code="a">(EXLNZ-41SLSP_NETWORK)991062282879705501</subfield></datafield><datafield ind1=" " ind2=" " tag="040"><subfield code="a">RERO geucmu</subfield><subfield code="d">CH-ZuSLS</subfield></datafield><datafield ind1=" " ind2=" " tag="044"><subfield code="a">sz</subfield><subfield code="c">ch-ge</subfield></datafield><datafield ind1=" " ind2="7" tag="072"><subfield code="a">me</subfield><subfield code="2">rero</subfield></datafield><datafield ind1="1" ind2=" " tag="100"><subfield code="a">Motamed, Sandrine</subfield><subfield code="d">19..-....</subfield><subfield code="0">(IDREF)275548791</subfield><subfield code="4">aut</subfield></datafield><datafield ind1="1" ind2="0" tag="245"><subfield code="a">Eau secours !</subfield><subfield code="b">qualité bactériologique de l'eau de boisson des petites communautés de la grande Méfou, Cameroun</subfield><subfield code="c">par Sandrine Motamed</subfield></datafield><datafield ind1=" " ind2="1" tag="264"><subfield code="a">Genève</subfield><subfield code="b">[éditeur non identifié]</subfield><subfield code="c">2001</subfield></datafield><datafield ind1=" " ind2=" " tag="300"><subfield code="a">43 f.</subfield><subfield code="b">ill.</subfield><subfield code="c">30 cm</subfield></datafield><datafield ind1=" " ind2=" " tag="336"><subfield code="b">txt</subfield><subfield code="2">rdacontent</subfield></datafield><datafield ind1=" " ind2=" " tag="337"><subfield code="b">n</subfield><subfield code="2">rdamedia</subfield></datafield><datafield ind1=" " ind2=" " tag="338"><subfield code="b">nc</subfield><subfield code="2">rdacarrier</subfield></datafield><datafield ind1=" " ind2=" " tag="502"><subfield code="a">Th. méd. Genève, 2001 ; Méd. 10185</subfield></datafield><datafield ind1=" " ind2=" " tag="508"><subfield code="a">Directeur de thèse: Professeur André Rougemont</subfield></datafield><datafield ind1="8" ind2=" " tag="520"><subfield code="a">Etude écologique et bactériologique de la pollution de l'eau des puits par les coliformes thermorésistants dans quelques 50 villages et hameaux d'une région proche de la capitale d'un pays typique d'Afrique centrale. Les hypothèses testées, qui se confirment, sont que 1) la grille &quot;universelle&quot; proposée par l'OMS pour apprécier la probabilité de pollution de l'eau des puits par l'observation standardisée de leur environnement ne s'applique pas à la situation étudiée au vu des résultats bactériologiques et 2) une grille plus simple, élaborée en fonction de la situation locale exprime de façon satisfaisante la corrélation entre apparence de l'environnement et pollution mesurée par la méthode bactériologique utilisée (système Millipore [patent mark]. Des recommandations sont faites concernant la possibilité de désinfecter l'eau puisée par de l'eau de Javel (chlore natif) afin qu'elle reste potable jusqu'à consommation</subfield><subfield code="5">RERO/geudbu/09.2001</subfield></datafield><datafield ind1=" " ind2="2" tag="655"><subfield code="a">Academic Dissertation</subfield></datafield><datafield ind1=" " ind2="7" tag="655"><subfield code="a">Hochschulschrift</subfield><subfield code="2">gnd-content</subfield></datafield><datafield ind1=" " ind2=" " tag="900"><subfield code="a">REROnoselfmerge</subfield></datafield><datafield ind1=" " ind2=" " tag="900"><subfield code="a">IDSZ2zbzdis200105e</subfield><subfield code="c">IDSZ2schh</subfield><subfield code="d">IDSZ2zbzswk200105d</subfield></datafield></record>
</metadata></record>