<record><header><identifier>oai:alma.41SLSP_UGE:991000049519705502</identifier><datestamp>2023-03-01T01:08:47Z</datestamp><setSpec>uge_bcen_RapidILL_BOOK</setSpec><setSpec>uge_aaca_RapidILL_BOOK</setSpec><setSpec>uge_abels_RapidILL_BOOK</setSpec><setSpec>uge_dbu_RapidILL_BOOK</setSpec><setSpec>uge_cmu_RapidILL_BOOK</setSpec><setSpec>uge_mail_RapidILL_BOOK</setSpec><setSpec>UNIGE_ALL</setSpec><setSpec>uge_abbat_RapidILL_BOOK</setSpec><setSpec>uge_aobs_RapidILL_BOOK</setSpec><setSpec>uge_acar_RapidILL_BOOK</setSpec></header><metadata>
<record xmlns="http://www.loc.gov/MARC21/slim" xmlns:xsi="http://www.w3.org/2001/XMLSchema-instance" xsi:schemaLocation="http://www.loc.gov/MARC21/slim http://www.loc.gov/standards/marcxml/schema/MARC21slim.xsd"><leader>01807nam a22004812c 4500</leader><controlfield tag="001">991000049519705502</controlfield><controlfield tag="005">20230221200855.0</controlfield><controlfield tag="008">201012s1986    xxu           00| | eng  </controlfield><datafield ind1=" " ind2=" " tag="020"><subfield code="a">0810907151</subfield></datafield><datafield ind1=" " ind2=" " tag="035"><subfield code="a">(swissbib)240673018-41slsp_network</subfield></datafield><datafield ind1=" " ind2=" " tag="035"><subfield code="a">240673018</subfield><subfield code="9">ExL</subfield></datafield><datafield ind1=" " ind2=" " tag="035"><subfield code="a">(IDSBB)004139910DSV01</subfield></datafield><datafield ind1=" " ind2=" " tag="035"><subfield code="a">(RERO)0935285-41slsp</subfield></datafield><datafield ind1=" " ind2=" " tag="035"><subfield code="a">(NEBIS)004784089EBI01</subfield></datafield><datafield ind1=" " ind2=" " tag="035"><subfield code="a">(EXLNZ-41SLSP_NETWORK)991122207589705501</subfield></datafield><datafield ind1=" " ind2=" " tag="040"><subfield code="a">SzZuIDS BS/BE B565</subfield><subfield code="e">kids</subfield><subfield code="d">CH-ZuSLS</subfield></datafield><datafield ind1=" " ind2="7" tag="072"><subfield code="a">ba</subfield><subfield code="2">rero</subfield></datafield><datafield ind1=" " ind2=" " tag="084"><subfield code="a">LH 64840</subfield><subfield code="2">rvk</subfield></datafield><datafield ind1="1" ind2=" " tag="100"><subfield code="a">Sandler, Irving</subfield><subfield code="d">1925-2018</subfield><subfield code="0">(DE-588)129171077</subfield><subfield code="6">880-01</subfield></datafield><datafield ind1="1" ind2=" " tag="880"><subfield code="a">Sandler, Irving</subfield><subfield code="0">(RERO)A003784123</subfield><subfield code="6">100-01</subfield></datafield><datafield ind1="1" ind2="0" tag="245"><subfield code="a">Defining modern art</subfield><subfield code="b">selected writings of Alfred H. Barr, Jr.</subfield><subfield code="c">ed. by Irving Sandler and Amy Newman ; with an introd. by Irving Sandler</subfield></datafield><datafield ind1=" " ind2="1" tag="264"><subfield code="a">New York</subfield><subfield code="b">Harry N. Abrams, Inc.</subfield><subfield code="c">1986</subfield></datafield><datafield ind1=" " ind2=" " tag="300"><subfield code="a">302 S.</subfield><subfield code="b">Portr., Ill., Taf.</subfield><subfield code="c">26 cm</subfield></datafield><datafield ind1=" " ind2=" " tag="336"><subfield code="b">txt</subfield><subfield code="2">rdacontent</subfield></datafield><datafield ind1=" " ind2=" " tag="337"><subfield code="b">n</subfield><subfield code="2">rdamedia</subfield></datafield><datafield ind1=" " ind2=" " tag="338"><subfield code="b">nc</subfield><subfield code="2">rdacarrier</subfield></datafield><datafield ind1="1" ind2="7" tag="600"><subfield code="a">Klee, Paul</subfield><subfield code="d">1879-1940</subfield><subfield code="0">(DE-588)118562827</subfield><subfield code="2">gnd</subfield></datafield><datafield ind1=" " ind2="7" tag="650"><subfield code="a">Muséologie</subfield><subfield code="0">(IDREF)027240177</subfield><subfield code="2">idref</subfield></datafield><datafield ind1=" " ind2="7" tag="650"><subfield code="a">Art</subfield><subfield code="0">(IDREF)027269302</subfield><subfield code="2">idref</subfield></datafield><datafield ind1=" " ind2="7" tag="650"><subfield code="a">20e siècle</subfield><subfield code="0">(IDREF)086305646</subfield><subfield code="2">idref</subfield></datafield><datafield ind1=" " ind2="7" tag="655"><subfield code="a">[Études diverses]</subfield><subfield code="0">(RERO)A022249905</subfield><subfield code="2">rero</subfield></datafield><datafield ind1=" " ind2=" " tag="690"><subfield code="a">Barr, Alfred Hamilton</subfield><subfield code="2">ubs-A5</subfield></datafield><datafield ind1=" " ind2=" " tag="690"><subfield code="a">Kubismus. Allgemein</subfield><subfield code="2">uzb-US</subfield></datafield><datafield ind1=" " ind2=" " tag="690"><subfield code="a">Bauhaus. Allgemein</subfield><subfield code="2">uzb-US</subfield></datafield><datafield ind1=" " ind2=" " tag="690"><subfield code="a">USA. Kunst. 20. Jahrhundert</subfield><subfield code="2">uzb-US</subfield></datafield><datafield ind1=" " ind2=" " tag="690"><subfield code="a">Deutschland. Kunst. 20. Jahrhundert</subfield><subfield code="2">uzb-US</subfield></datafield><datafield ind1=" " ind2=" " tag="690"><subfield code="a">Italien. Kunst. 20. Jahrhundert</subfield><subfield code="2">uzb-US</subfield></datafield><datafield ind1="1" ind2=" " tag="700"><subfield code="a">Barr, Alfred Hamilton</subfield><subfield code="d">1902-1981</subfield><subfield code="0">(IDREF)030751195</subfield><subfield code="4">cre</subfield></datafield><datafield ind1="1" ind2=" " tag="700"><subfield code="a">Barr Jr, Alfred H.</subfield></datafield><datafield ind1="1" ind2=" " tag="700"><subfield code="a">Newman, Amy</subfield></datafield><datafield ind1="1" ind2=" " tag="700"><subfield code="a">Barr, Alfred H.</subfield><subfield code="d">1902-1981</subfield><subfield code="0">(DE-588)118887122</subfield></datafield><datafield ind1=" " ind2=" " tag="900"><subfield code="a">REROnoselfmerge</subfield></datafield><datafield ind1=" " ind2=" " tag="900"><subfield code="a">IDSERMedeaSIK</subfield></datafield><datafield ind1=" " ind2=" " tag="900"><subfield code="f">IDSU2medea</subfield></datafield><datafield ind1=" " ind2=" " tag="993"><subfield code="a">BFLB 11909</subfield><subfield code="x">ge/ulha/a/93/223</subfield><subfield code="9">LOCAL</subfield></datafield></record>
</metadata></record>