<record><header><identifier>oai:alma.41SLSP_UGE:991000008329705502</identifier><datestamp>2023-05-06T00:11:53Z</datestamp><setSpec>uge_bcen_RapidILL_BOOK</setSpec><setSpec>uge_aaca_RapidILL_BOOK</setSpec><setSpec>uge_abels_RapidILL_BOOK</setSpec><setSpec>uge_dbu_RapidILL_BOOK</setSpec><setSpec>uge_cmu_RapidILL_BOOK</setSpec><setSpec>uge_mail_RapidILL_BOOK</setSpec><setSpec>uge_abbat_RapidILL_BOOK</setSpec><setSpec>UNIGE_ALL</setSpec><setSpec>uge_aobs_RapidILL_BOOK</setSpec><setSpec>uge_acar_RapidILL_BOOK</setSpec></header><metadata>
<record xmlns="http://www.loc.gov/MARC21/slim" xmlns:xsi="http://www.w3.org/2001/XMLSchema-instance" xsi:schemaLocation="http://www.loc.gov/MARC21/slim http://www.loc.gov/standards/marcxml/schema/MARC21slim.xsd"><leader>03733nam a2200841 c 4500</leader><controlfield tag="001">991000008329705502</controlfield><controlfield tag="005">20230505155902.0</controlfield><controlfield tag="008">201012t20192019gw       b||| 101 0 mul|d</controlfield><datafield ind1=" " ind2=" " tag="020"><subfield code="a">3868353135</subfield><subfield code="q">hbk.</subfield></datafield><datafield ind1=" " ind2=" " tag="020"><subfield code="a">9783868353136</subfield><subfield code="q">hbk.</subfield></datafield><datafield ind1="3" ind2=" " tag="024"><subfield code="a">9783868353136</subfield></datafield><datafield ind1="7" ind2=" " tag="024"><subfield code="a">http://catalogue.bnf.fr/ark:/12148/cb45822563q</subfield><subfield code="2">uri</subfield></datafield><datafield ind1=" " ind2=" " tag="035"><subfield code="a">(swissbib)242222935-41slsp_network</subfield></datafield><datafield ind1=" " ind2=" " tag="035"><subfield code="a">242222935</subfield><subfield code="9">ExL</subfield></datafield><datafield ind1=" " ind2=" " tag="035"><subfield code="a">(NEBIS)011519106EBI01</subfield></datafield><datafield ind1=" " ind2=" " tag="035"><subfield code="a">(IDSBB)007129913DSV01</subfield></datafield><datafield ind1=" " ind2=" " tag="035"><subfield code="a">(RERO)R009004006-41slsp</subfield></datafield><datafield ind1=" " ind2=" " tag="035"><subfield code="a">(OCoLC)1121192506</subfield></datafield><datafield ind1=" " ind2=" " tag="035"><subfield code="a">(OCoLC)1122803881</subfield></datafield><datafield ind1=" " ind2=" " tag="035"><subfield code="a">(EXLNZ-41SLSP_NETWORK)991089123119705501</subfield></datafield><datafield ind1=" " ind2=" " tag="040"><subfield code="a">OHX</subfield><subfield code="b">ger</subfield><subfield code="e">rda</subfield><subfield code="d">CH-ZuSLS</subfield></datafield><datafield ind1="0" ind2=" " tag="041"><subfield code="a">eng</subfield><subfield code="a">ger</subfield></datafield><datafield ind1=" " ind2=" " tag="043"><subfield code="a">aw-----</subfield></datafield><datafield ind1=" " ind2="4" tag="050"><subfield code="a">BL1600</subfield><subfield code="b">.H888 2019</subfield></datafield><datafield ind1=" " ind2="7" tag="072"><subfield code="a">ag</subfield><subfield code="2">SzZuIDS BS/BE</subfield></datafield><datafield ind1=" " ind2="7" tag="072"><subfield code="a">ao</subfield><subfield code="2">SzZuIDS BS/BE</subfield></datafield><datafield ind1=" " ind2="7" tag="072"><subfield code="a">ha</subfield><subfield code="2">rero</subfield></datafield><datafield ind1="1" ind2="4" tag="082"><subfield code="a">290</subfield><subfield code="2">15</subfield></datafield><datafield ind1="1" ind2="4" tag="082"><subfield code="a">200</subfield><subfield code="2">15</subfield></datafield><datafield ind1="1" ind2="4" tag="082"><subfield code="a">330</subfield><subfield code="2">15</subfield></datafield><datafield ind1="1" ind2="4" tag="082"><subfield code="a">930</subfield><subfield code="2">15</subfield></datafield><datafield ind1="7" ind2="4" tag="082"><subfield code="a">230</subfield><subfield code="2">23sdnb</subfield></datafield><datafield ind1=" " ind2=" " tag="084"><subfield code="a">BE 1630</subfield><subfield code="2">rvk</subfield></datafield><datafield ind1="2" ind2=" " tag="111"><subfield code="a">Economy of Religions in Anatolia: From the Early Second to the Middle of the First Millennium BCE</subfield><subfield code="g">Veranstaltung</subfield><subfield code="d">2018</subfield><subfield code="c">Bonn</subfield><subfield code="0">(DE-588)1197271325</subfield></datafield><datafield ind1="1" ind2="0" tag="245"><subfield code="a">Economy of religions in Anatolia</subfield><subfield code="b">from the early second to the middle of the first millennium BCE : proceedings of an international conference in Bonn (23rd to 25th May 2018)</subfield><subfield code="c">Manfred Hutter &amp; Sylvia Hutter-Braunsar (Hrg.)</subfield></datafield><datafield ind1=" " ind2="1" tag="264"><subfield code="a">Münster</subfield><subfield code="b">Ugarit-Verlag</subfield><subfield code="c">[2019]</subfield></datafield><datafield ind1=" " ind2="4" tag="264"><subfield code="c">© 2019</subfield></datafield><datafield ind1=" " ind2=" " tag="300"><subfield code="a">vi, 205 Seiten</subfield><subfield code="b">Illustrationen</subfield></datafield><datafield ind1=" " ind2=" " tag="336"><subfield code="b">txt</subfield><subfield code="2">rdacontent</subfield></datafield><datafield ind1=" " ind2=" " tag="337"><subfield code="b">n</subfield><subfield code="2">rdamedia</subfield></datafield><datafield ind1=" " ind2=" " tag="338"><subfield code="b">nc</subfield><subfield code="2">rdacarrier</subfield></datafield><datafield ind1="1" ind2=" " tag="490"><subfield code="a">Alter Orient und Altes Testament</subfield><subfield code="v">Band 467</subfield></datafield><datafield ind1=" " ind2=" " tag="500"><subfield code="a">Beiträge des religionswissenschaftlichen Symposiums &quot;Economy of religions in Anatolia and northern Syria: from the early second to the middle of the first millenium BCE&quot;, das vom 23.-25. Mai 2018 in Bonn stattfand</subfield></datafield><datafield ind1=" " ind2=" " tag="504"><subfield code="a">Includes bibliographical references and index</subfield></datafield><datafield ind1=" " ind2=" " tag="546"><subfield code="a">Beiträge englisch und deutsch</subfield></datafield><datafield ind1=" " ind2="7" tag="648"><subfield code="a">Geschichte 2000 v. Chr.-500 v. Chr</subfield><subfield code="2">gnd</subfield></datafield><datafield ind1=" " ind2="7" tag="650"><subfield code="a">Antiquities</subfield><subfield code="2">fast</subfield></datafield><datafield ind1=" " ind2="7" tag="650"><subfield code="a">Religion</subfield><subfield code="2">fast</subfield></datafield><datafield ind1=" " ind2="7" tag="650"><subfield code="a">Religion</subfield><subfield code="x">Economic aspects</subfield><subfield code="2">fast</subfield></datafield><datafield ind1=" " ind2="7" tag="650"><subfield code="a">Religion</subfield><subfield code="0">(DE-588)4049396-9</subfield><subfield code="2">gnd</subfield></datafield><datafield ind1=" " ind2="7" tag="650"><subfield code="a">Wirtschaft</subfield><subfield code="0">(DE-588)4066399-1</subfield><subfield code="2">gnd</subfield></datafield><datafield ind1=" " ind2="0" tag="650"><subfield code="a">Religion</subfield><subfield code="x">Economic aspects</subfield><subfield code="v">Congresses</subfield></datafield><datafield ind1=" " ind2="7" tag="650"><subfield code="a">Religion hittite</subfield><subfield code="0">(IDREF)029416248</subfield><subfield code="2">idref</subfield></datafield><datafield ind1=" " ind2="7" tag="650"><subfield code="a">3000 av. J.-C.-500 av. J.-C.</subfield><subfield code="2">idref</subfield></datafield><datafield ind1=" " ind2="0" tag="651"><subfield code="a">Middle East</subfield><subfield code="x">Antiquities</subfield><subfield code="v">Congresses</subfield></datafield><datafield ind1=" " ind2="7" tag="651"><subfield code="a">Middle East</subfield><subfield code="2">fast</subfield></datafield><datafield ind1=" " ind2="7" tag="651"><subfield code="a">Anatolien</subfield><subfield code="0">(DE-588)4085685-9</subfield><subfield code="2">gnd</subfield></datafield><datafield ind1=" " ind2="0" tag="651"><subfield code="a">Middle East</subfield><subfield code="x">Religion</subfield><subfield code="v">Congresses</subfield></datafield><datafield ind1=" " ind2="0" tag="651"><subfield code="a">Middle East</subfield><subfield code="x">Antiquities</subfield></datafield><datafield ind1=" " ind2="7" tag="655"><subfield code="a">Konferenzschrift</subfield><subfield code="z">Bonn</subfield><subfield code="y">2018</subfield><subfield code="2">gnd-content</subfield></datafield><datafield ind1=" " ind2="7" tag="655"><subfield code="a">Actes de congrès</subfield><subfield code="0">(IDREF)02886431X</subfield><subfield code="2">idref</subfield></datafield><datafield ind1="1" ind2=" " tag="700"><subfield code="a">Hutter, Manfred</subfield><subfield code="d">1957-</subfield><subfield code="6">880-02</subfield><subfield code="0">(DE-588)122816803</subfield><subfield code="e">Herausgeber</subfield><subfield code="4">edt</subfield></datafield><datafield ind1="1" ind2=" " tag="880"><subfield code="6">700-02</subfield><subfield code="a">Hutter, Manfred</subfield><subfield code="d">1957-....</subfield><subfield code="0">(IDREF)028420160</subfield><subfield code="4">edt</subfield></datafield><datafield ind1="1" ind2=" " tag="700"><subfield code="6">880-03</subfield><subfield code="a">Hutter-Braunsar, Sylvia</subfield><subfield code="0">(DE-588)1034557300</subfield><subfield code="e">Herausgeber</subfield><subfield code="4">edt</subfield></datafield><datafield ind1="1" ind2=" " tag="880"><subfield code="6">700-03/(B</subfield><subfield code="a">Hutter-Braunsar, Sylvia</subfield><subfield code="0">(IDREF)111903904</subfield><subfield code="4">edt</subfield></datafield><datafield ind1="4" ind2=" " tag="856"><subfield code="3">Titelblatt und Inhaltsverzeichnis</subfield><subfield code="u">https://toc.library.ethz.ch/objects/pdf03/z01_978-3-86835-313-6_01.pdf</subfield><subfield code="q">pdf</subfield></datafield><datafield ind1=" " ind2=" " tag="830"><subfield code="a">Alter Orient und Altes Testament</subfield><subfield code="v">467</subfield><subfield code="w">(RERO)0039844-41slsp</subfield></datafield><datafield ind1=" " ind2=" " tag="830"><subfield code="a">Alter Orient und Altes Testament</subfield><subfield code="v">467</subfield><subfield code="w">(IDSBB)000009538DSV01</subfield></datafield><datafield ind1=" " ind2=" " tag="830"><subfield code="a">Alter Orient und Altes Testament</subfield><subfield code="v">467</subfield><subfield code="w">(NEBIS)000988523EBI01</subfield></datafield><datafield ind1=" " ind2=" " tag="900"><subfield code="a">IDSZ2zbzmon202003l</subfield><subfield code="c">IDSZ2gehm</subfield><subfield code="d">IDSZ2zbzswk202004g</subfield><subfield code="e">IDSZ2stet</subfield></datafield><datafield ind1=" " ind2=" " tag="900"><subfield code="a">IDSDSStoppsignal FRED</subfield></datafield><datafield ind1=" " ind2=" " tag="900"><subfield code="a">REROnoselfmerge</subfield></datafield><datafield ind1=" " ind2=" " tag="910"><subfield code="a">BNF</subfield><subfield code="b">20200117</subfield><subfield code="c">Réutilisation sous conditions: Licence ouverte Etalab</subfield></datafield><datafield ind1=" " ind2=" " tag="949"><subfield code="a">https://toc.library.ethz.ch/objects/pdf03/z01_978-3-86835-313-6_01.pdf</subfield></datafield></record>
</metadata></record>