<record><header><identifier>oai:alma.41SLSP_UGE:991000008849705502</identifier><datestamp>2024-04-11T00:26:23Z</datestamp><setSpec>uge_bcen_RapidILL_BOOK</setSpec><setSpec>uge_aaca_RapidILL_BOOK</setSpec><setSpec>uge_abels_RapidILL_BOOK</setSpec><setSpec>uge_dbu_RapidILL_BOOK</setSpec><setSpec>uge_cmu_RapidILL_BOOK</setSpec><setSpec>uge_mail_RapidILL_BOOK</setSpec><setSpec>uge_abbat_RapidILL_BOOK</setSpec><setSpec>UNIGE_ALL</setSpec><setSpec>uge_aobs_RapidILL_BOOK</setSpec><setSpec>uge_acar_RapidILL_BOOK</setSpec></header><metadata>
<record xmlns="http://www.loc.gov/MARC21/slim" xmlns:xsi="http://www.w3.org/2001/XMLSchema-instance" xsi:schemaLocation="http://www.loc.gov/MARC21/slim http://www.loc.gov/standards/marcxml/schema/MARC21slim.xsd"><leader>10271nam a2201069 c 4500</leader><controlfield tag="001">991000008849705502</controlfield><controlfield tag="005">20240410143325.0</controlfield><controlfield tag="008">201012s2006    gw ||||| |||| 00| ||eng d</controlfield><datafield ind1=" " ind2=" " tag="015"><subfield code="a">GFR-DNB-05,N03,0592</subfield></datafield><datafield ind1="7" ind2=" " tag="016"><subfield code="a">973157372</subfield><subfield code="2">GyFmDB</subfield></datafield><datafield ind1=" " ind2=" " tag="020"><subfield code="a">3727218002</subfield><subfield code="q">Stämpfli</subfield></datafield><datafield ind1=" " ind2=" " tag="020"><subfield code="a">2802721402</subfield><subfield code="q">Bruylant</subfield></datafield><datafield ind1=" " ind2=" " tag="020"><subfield code="a">3935808402</subfield><subfield code="q">Sellier</subfield></datafield><datafield ind1=" " ind2=" " tag="020"><subfield code="a">9782802721406</subfield><subfield code="q">Bruylant</subfield></datafield><datafield ind1=" " ind2=" " tag="020"><subfield code="a">9783727218002</subfield><subfield code="q">Staempfli</subfield><subfield code="c">Pp. : ca. EUR 97.00, ca. EUR 7</subfield></datafield><datafield ind1=" " ind2=" " tag="020"><subfield code="a">9783935808408</subfield><subfield code="q">Sellier</subfield></datafield><datafield ind1=" " ind2=" " tag="035"><subfield code="a">(swissbib)236300512-41slsp_network</subfield></datafield><datafield ind1=" " ind2=" " tag="035"><subfield code="a">236300512</subfield><subfield code="9">ExL</subfield></datafield><datafield ind1=" " ind2=" " tag="035"><subfield code="a">(RERO)R003762972-41slsp</subfield></datafield><datafield ind1=" " ind2=" " tag="035"><subfield code="a">(IDSBB)003839333DSV01</subfield></datafield><datafield ind1=" " ind2=" " tag="035"><subfield code="a">(NEBIS)005046745EBI01</subfield></datafield><datafield ind1=" " ind2=" " tag="035"><subfield code="a">(IDSSG)000316243HSB01</subfield></datafield><datafield ind1=" " ind2=" " tag="035"><subfield code="a">(DDB)973157372</subfield></datafield><datafield ind1=" " ind2=" " tag="035"><subfield code="a">(EXLNZ-41SLSP_NETWORK)991133459779705501</subfield></datafield><datafield ind1=" " ind2=" " tag="040"><subfield code="a">RERO frbcuc</subfield><subfield code="d">CH-ZuSLS</subfield></datafield><datafield ind1="1" ind2=" " tag="041"><subfield code="a">eng</subfield><subfield code="h">ger</subfield></datafield><datafield ind1=" " ind2=" " tag="044"><subfield code="a">sz</subfield><subfield code="c">ch-be</subfield></datafield><datafield ind1=" " ind2="7" tag="072"><subfield code="a">dr</subfield><subfield code="2">rero</subfield></datafield><datafield ind1=" " ind2="7" tag="072"><subfield code="a">rw</subfield><subfield code="2">SzZuIDS BS/BE</subfield></datafield><datafield ind1="0" ind2="4" tag="082"><subfield code="a">346.24</subfield><subfield code="2">22</subfield></datafield><datafield ind1="0" ind2="4" tag="082"><subfield code="a">340</subfield></datafield><datafield ind1="1" ind2="4" tag="082"><subfield code="a">346</subfield><subfield code="2">21</subfield></datafield><datafield ind1="1" ind2="4" tag="082"><subfield code="a">340</subfield><subfield code="2">15</subfield></datafield><datafield ind1=" " ind2=" " tag="084"><subfield code="a">CA/CE 20 b</subfield><subfield code="2">cjurrom</subfield></datafield><datafield ind1=" " ind2=" " tag="084"><subfield code="a">CA/CE 63 g</subfield><subfield code="2">cjurrom</subfield></datafield><datafield ind1=" " ind2=" " tag="084"><subfield code="a">FA 69 g</subfield><subfield code="2">cjurrom</subfield></datafield><datafield ind1=" " ind2=" " tag="084"><subfield code="a">A 64 g</subfield><subfield code="2">cjurrom</subfield></datafield><datafield ind1=" " ind2=" " tag="084"><subfield code="a">CA/CE 63 b</subfield><subfield code="2">cjurrom</subfield></datafield><datafield ind1=" " ind2=" " tag="084"><subfield code="a">CA/CE 73.6 b</subfield><subfield code="2">cjurrom</subfield></datafield><datafield ind1=" " ind2=" " tag="084"><subfield code="a">PS 2420</subfield><subfield code="2">rvk</subfield></datafield><datafield ind1=" " ind2=" " tag="084"><subfield code="a">PS 3730</subfield><subfield code="2">rvk</subfield></datafield><datafield ind1=" " ind2=" " tag="084"><subfield code="a">PS 3740</subfield><subfield code="2">rvk</subfield></datafield><datafield ind1="1" ind2=" " tag="100"><subfield code="a">Bar, Christian &lt;&lt;von&gt;&gt;</subfield><subfield code="d">1952-</subfield><subfield code="0">(DE-588)120816326</subfield><subfield code="6">880-01</subfield></datafield><datafield ind1="1" ind2=" " tag="880"><subfield code="6">100-01</subfield><subfield code="a">Bar, Christian von</subfield><subfield code="d">1952-....</subfield><subfield code="0">(IDREF)031584381</subfield></datafield><datafield ind1="1" ind2="0" tag="245"><subfield code="a">Benevolent intervention in another's affairs (PEL Ben. Int.)</subfield><subfield code="c">prepared by Christian von Bar ; translation: Stephen Swann and Mary-Rose McGuire</subfield></datafield><datafield ind1=" " ind2="1" tag="264"><subfield code="a">Munich</subfield><subfield code="b">Sellier European Law Publ.</subfield><subfield code="a">Berne [etc.]</subfield><subfield code="b">Staempfli [etc.]</subfield><subfield code="c">[2006]</subfield></datafield><datafield ind1=" " ind2="4" tag="264"><subfield code="c">© 2006</subfield></datafield><datafield ind1=" " ind2=" " tag="300"><subfield code="a">XXX, 417 p.</subfield><subfield code="c">25 cm</subfield></datafield><datafield ind1=" " ind2=" " tag="336"><subfield code="b">txt</subfield><subfield code="2">rdacontent</subfield></datafield><datafield ind1=" " ind2=" " tag="337"><subfield code="b">n</subfield><subfield code="2">rdamedia</subfield></datafield><datafield ind1=" " ind2=" " tag="338"><subfield code="b">nc</subfield><subfield code="2">rdacarrier</subfield></datafield><datafield ind1="1" ind2=" " tag="490"><subfield code="a">Principles of European law</subfield><subfield code="v">vol. 1</subfield></datafield><datafield ind1=" " ind2=" " tag="500"><subfield code="a">Contient la traduction en plusieurs langues européennes du projet de texte de loi sur la gestion d'affaires d'autrui</subfield></datafield><datafield ind1=" " ind2=" " tag="500"><subfield code="a">Union européenne. - Code civil. Projet. Commentaire</subfield></datafield><datafield ind1=" " ind2=" " tag="500"><subfield code="a">Übersetzt aus dem Deutschen</subfield></datafield><datafield ind1="2" ind2="7" tag="610"><subfield code="a">Union européenne</subfield><subfield code="0">(IDREF)032486324</subfield><subfield code="2">idref</subfield></datafield><datafield ind1="2" ind2="7" tag="610"><subfield code="a">Europäische Union</subfield><subfield code="2">idszbz</subfield></datafield><datafield ind1="2" ind2="7" tag="610"><subfield code="a">Europäische Union</subfield><subfield code="0">(DE-588)5098525-5</subfield><subfield code="2">gnd</subfield></datafield><datafield ind1=" " ind2="7" tag="650"><subfield code="a">Droit civil</subfield><subfield code="0">(IDREF)050573039</subfield><subfield code="2">idref</subfield></datafield><datafield ind1=" " ind2="7" tag="650"><subfield code="a">droit communautaire - codification</subfield><subfield code="0">(RERO)A010075646</subfield><subfield code="2">rerovoc</subfield></datafield><datafield ind1=" " ind2="7" tag="650"><subfield code="a">Obligations (droit)</subfield><subfield code="0">(IDREF)027265846</subfield><subfield code="2">idref</subfield></datafield><datafield ind1=" " ind2="7" tag="650"><subfield code="a">Gestion d'affaires (droit)</subfield><subfield code="0">(IDREF)027848701</subfield><subfield code="2">idref</subfield></datafield><datafield ind1=" " ind2="7" tag="650"><subfield code="a">Geschäftsführung ohne Auftrag</subfield><subfield code="x">Rechtsvereinheitlichung</subfield><subfield code="z">Europa</subfield><subfield code="2">idsbb</subfield></datafield><datafield ind1=" " ind2="7" tag="650"><subfield code="a">Geschäftsführung ohne Auftrag</subfield><subfield code="2">idszbz</subfield></datafield><datafield ind1=" " ind2="7" tag="650"><subfield code="a">Entwurf</subfield><subfield code="2">idszbz</subfield></datafield><datafield ind1=" " ind2="7" tag="650"><subfield code="a">Dogmatik</subfield><subfield code="0">(DE-588)4012624-9</subfield><subfield code="2">gnd</subfield></datafield><datafield ind1=" " ind2="7" tag="650"><subfield code="a">Geschäftsbesorgung</subfield><subfield code="0">(DE-588)4113721-8</subfield><subfield code="2">gnd</subfield></datafield><datafield ind1=" " ind2="7" tag="650"><subfield code="a">Geschäftsführungsbefugnis</subfield><subfield code="0">(DE-588)4156954-4</subfield><subfield code="2">gnd</subfield></datafield><datafield ind1=" " ind2="7" tag="650"><subfield code="a">Privatrecht</subfield><subfield code="0">(DE-588)4047304-1</subfield><subfield code="2">gnd</subfield></datafield><datafield ind1=" " ind2="0" tag="650"><subfield code="a">Assistance in emergencies</subfield><subfield code="x">Law and legislation</subfield><subfield code="z">Europe</subfield></datafield><datafield ind1=" " ind2="0" tag="650"><subfield code="a">Intervention (Civil procedure)</subfield><subfield code="z">European Union countries</subfield></datafield><datafield ind1=" " ind2="0" tag="650"><subfield code="a">Negotiorum gestio</subfield><subfield code="z">Europe</subfield></datafield><datafield ind1=" " ind2="7" tag="650"><subfield code="a">Geschäftsführung ohne Auftrag</subfield><subfield code="0">(DE-588)4020492-3</subfield><subfield code="2">gnd</subfield></datafield><datafield ind1=" " ind2="7" tag="650"><subfield code="a">Gesetzentwurf</subfield><subfield code="0">(DE-588)4157094-7</subfield><subfield code="2">gnd</subfield></datafield><datafield ind1=" " ind2="7" tag="650"><subfield code="a">Rechtsvereinheitlichung</subfield><subfield code="0">(DE-588)4048849-4</subfield><subfield code="2">gnd</subfield></datafield><datafield ind1=" " ind2="7" tag="655"><subfield code="a">Manuels d'enseignement</subfield><subfield code="0">(IDREF)027446514</subfield><subfield code="2">idref</subfield></datafield><datafield ind1=" " ind2=" " tag="690"><subfield code="a">Vertragsrecht; Eigentumsrecht; Erbrecht; Handelsrecht; Gesetzbuch; Intervention; Erlass; Seerecht; Strafrecht; Rechtsprechung; Geschäftsführung; Aufgabe; Haftfestigkeit; Regel; Vermerk; Anforderung</subfield><subfield code="2">idssg-J</subfield></datafield><datafield ind1=" " ind2=" " tag="690"><subfield code="a">Deliktsrecht; Quasivertrag; Haftungsreduzierung; Regressrecht; Vertretungsbefugnis; Bereicherungsrecht; Gesetzesrecht; Notmaßnahme; Pflegestandard; Rechtsfähigkeit; Schadensersatzanspruch; Schutzgesetz; Trustrecht; Vergütungsanspruch; Eingriffsbefugnis; Nichtbeachtung; Schadloshaltung; Quasigeschäftsführung; Rechtsverhältnis; Basiswert; Bestattungskosten; Nonprofitorganisation; Notfallsituation; Notsituation; Nutzlosigkeit; Rechtssicherheit; Vermögenswert; Ansatzpunkt; Anwendungsbereich; Arbeitskreis; Auftraggeber; Beistandspflicht; Fairnesstest; Gegensatz; Gesamtschuldner; Grundtenor; Haupt; Informationspflicht; Kernelement; Koordinierungsgruppe; Lieferpflicht; Pflichtverletzung; Prävalenz; Rechtscharakter; Rechtsquelle; Rechtsstreitigkeit; Schenkel; Schulleiter; Sorgfaltspflicht; Streithelfer; Streithelferin; Studiengruppe; Unterhaltspflicht; Vertragsbruch; Vertragspflicht; Vertretungsbehörde; Vertretungsmacht; Zivilgesetzbuch; Zuständigkeitsbereich</subfield><subfield code="2">idssg-J</subfield></datafield><datafield ind1=" " ind2=" " tag="690"><subfield code="a">besondere Regelung; britischer Fall; erforderliches Element; tatsächliches Gegenteil; traditionelle Nomenklatur; untergeordnetes Interesse; wichtige Pflicht; wichtige Überlegung; wiegendes Interesse; überwiegendes Interesse; allgemeine Anforderung; allgemeine Bemerkung; allgemeiner Durchschnitt; allgemeine Haftung; allgemeine Pflicht; allgemeine Regel; allgemeine Sorgfaltspflicht; ander PEL; andere Anforderung; andere Angelegenheit; andere Behörde; andere Eingriffsbefugnis; ander Gestors; andere Person; andere Pflicht; andere Regel; andere Sprache; andere Unterhaltspflicht; anderer Vermögenswert; anerkannte Institution; angemessene Pflege; angemessene Sorgfalt; angemessenes Verhältnis; angewandt Negotiorum; ausservertragliche Pflicht; begründete Intervention; berechtigtes Management; besondere Beratung; besondere Form; besondere Regel; bestehendes Rechtsverhältnis; bestimmte Kategorie; bloßes Verhalten; diskretes Konzept; dritter Schenkel; dritter Schutz; eigenes Interesse; eigener Name; eigener Nutzen; eigener Vorteil; einheitlicher Ansatz; einmalige Aktivität; einseitige Handlung; einzelner Fall; empirisches Material; entsprechende Maßnahme; erforderliches Gleichgewicht; erhöhtes Risiko; europäische Gemeinschaft; europäische Union; europäisches Zivilgesetzbuch; fahrlässiger Ausfall; fehlerhafte Ausführung; folgender Grundsatz; folgende Regel; freie Bestimmung; freiwillige Führung; fremde Angelegenheit; gegensätzlicher Wunsch; gemeinsame Forderung; genaue Analyse; genaue Identifizierung; gesamtes Privatrecht; gesamtschuldnerische Haftung; gesellschaftliche Relevanz; gesetzliche Pflicht; gesetzliche Regelung; gesetzliche Verpflichtung; guter Grund; gute Sitte; gütige Intervention; indirekte Abklärung; indirekter Nutznießer; individuelle Anforderung; irischer Fall; kodifiziertes System; kontinentale Rechtsprechung; langfristige Maßnahme; langfristige Unterlassung; lang</subfield><subfield code="2">idssg-J</subfield></datafield><datafield ind1=" " ind2=" " tag="690"><subfield code="a">fristige Verpflichtung; lateinische Nomenklatur; liegende Aufgabe; mangelhafte Leistung; moralische Pflicht; mutmaßliches Gegenteil; nachbarschaftliche Solidarität; negative Voraussetzung; nichtiger Vertrag; notwendige Änderung; objektives Element; offiziöse Einmischung; persönlicher Bedarf; persönliches Interesse; politische Erwägung; politische Überlegung; positiver Schritt; praktische Relevanz; skandinavischer Verbraucher; spezielle Information; spezifische Argumentation; spezifische Basis; strenge Haftung; ständige Pflicht; subjektives Element; traditionelle Terminologie; unberechtigte Verwaltung; unerlaubte Handlung; ungerechtfertigte Bereicherung; unnötige Verzögerung; unzulässiger Eingriff; vernünftig Ground; verschiedener Ansatzpunkt; verschiedene Situation; vertragliche Verpflichtung; vertragsrechtliche Bestimmung; vertretbarer Aufwand; verwandter Fall; volle Rechtsfähigkeit; vollständige Rechtsfähigkeit; weiter Para; weiterer Anspruch; weiteres Beispiel; weiter Benefit; wichtiger Fall; wichtiger Wunsch; wirtschaftliche Leistungsfähigkeit; wirtschaftliche Pflicht; wohlwollende Streithelferin; zitierte Literatur; zudringlich Ii; zudringliche Intervention; zweites Kapitel; ähnlicher Fall; öffentliches Interesse; öffentliche Ordnung; öffentliche Versicherung; üblicher Preis</subfield><subfield code="2">idssg-J</subfield></datafield><datafield ind1=" " ind2=" " tag="690"><subfield code="a">Schottland C4EUUK; Skandinavien C4EU; England C4EUUK; Irland C4EUIR; Deutschland C4EUGE; Ungarn C4EXHU; Italien C4EUIT; Frankreich C4EUFR; Großbritannien C4EUUK; Schweiz C4EXSI; Niederlande C4EUNE; Europa C4E; EU C4EU</subfield><subfield code="2">idssg-J</subfield></datafield><datafield ind1=" " ind2=" " tag="690"><subfield code="a">Acts Done; Asmens Interesais; Assuntos Alheios; bar Osnabrück Vorsitzender; Bemerkung Third Party Relations; Ben Int Principles of; Ben Int Principles of European Law Studiengruppe; Benevolent Intervention Para; Dr. Mary Rose Mc; Dr. Mary Rose Mc Guire Osnabrück Sellier; Dr. Stephen Swann; Dr. Stephen Swann Osnabrück Übersetzung Dr. Stephen Swann; einseitig Handlungen Para; Fy tf staempfii European; Fy tf staempfii European Law Publishers Bruylant baj Publishers; Gestion De Asuntos Ajenos; Godg0rende indgriben en andens anliggender Niederländer; Good Reason Para; Ground Para; Haupt Kontaktaufnahme; Haupt Wünsche; Indgriben en andens anliggender; Kapitel Anwendungsbereich Artikel; Kasundita Asjaajamine; Kito Asmens; Law Publishers Bruylant baj; Mary Rose Mc; Megbfzas nélküli ugyvitel; Notiz Allgemeine Anforderungen; Of European Law; Pflichtverletzung Bemerkungen Haftung; Poslovodstvo Tujih Zadev; Principles of European Contract; Professor Eric Clive; Profi Para; Quantum Vergütung Para; Regel Maintenance Bestattungskosten; streithelferin Artikel; Streithelferin Rechte Bemerkungen Acting; Tjänster Utan Uppdrag Principles; Vergütung Bemerkungen Vergütung; Zivilgesetzbuch Benevolent Intervention</subfield><subfield code="2">idssg-J</subfield></datafield><datafield ind1="1" ind2=" " tag="700"><subfield code="a">Swann, Stephen</subfield><subfield code="0">(IDREF)104620420</subfield></datafield><datafield ind1="1" ind2=" " tag="710"><subfield code="a">Union européenne</subfield><subfield code="0">(IDREF)032486324</subfield></datafield><datafield ind1="4" ind2=" " tag="856"><subfield code="u">https://tools.unisg.ch/url/hm00155662</subfield><subfield code="z">Inhaltsverzeichnis</subfield></datafield><datafield ind1=" " ind2="0" tag="830"><subfield code="a">Principles of European law</subfield><subfield code="v">1</subfield><subfield code="w">(NEBIS)005046716EBI01</subfield></datafield><datafield ind1=" " ind2="0" tag="830"><subfield code="a">Principles of European law</subfield><subfield code="v">1</subfield><subfield code="w">(IDSBB)003497563DSV01</subfield></datafield><datafield ind1=" " ind2="0" tag="830"><subfield code="a">Principles of European law</subfield><subfield code="v">1</subfield><subfield code="w">(RERO)R003944081-41slsp</subfield></datafield><datafield ind1=" " ind2=" " tag="900"><subfield code="a">IDSZ2ivrmon200604f</subfield><subfield code="c">IDSZ2ymub 060411</subfield><subfield code="d">IDSZ2ivrswk200609u</subfield></datafield><datafield ind1=" " ind2=" " tag="900"><subfield code="a">IDSZ2rwimon200703l</subfield><subfield code="c">IDSZ2rosi</subfield></datafield><datafield ind1=" " ind2=" " tag="900"><subfield code="a">IDSZ2zbzmon200608l</subfield><subfield code="c">IDSZ2meyr</subfield><subfield code="d">IDSZ2zbzswk200608b</subfield><subfield code="e">IDSZ2bruu</subfield></datafield><datafield ind1=" " ind2=" " tag="900"><subfield code="a">IDSE5E51ANH-2006</subfield></datafield><datafield ind1=" " ind2=" " tag="949"><subfield code="a">https://tools.unisg.ch/url/hm00155662</subfield></datafield></record>
</metadata></record>