<record><header><identifier>oai:alma.41SLSP_UGE:991000050249705502</identifier><datestamp>2024-04-11T00:28:50Z</datestamp><setSpec>uge_bcen_RapidILL_BOOK</setSpec><setSpec>uge_aaca_RapidILL_BOOK</setSpec><setSpec>uge_abels_RapidILL_BOOK</setSpec><setSpec>uge_dbu_RapidILL_BOOK</setSpec><setSpec>uge_cmu_RapidILL_BOOK</setSpec><setSpec>uge_mail_RapidILL_BOOK</setSpec><setSpec>uge_abbat_RapidILL_BOOK</setSpec><setSpec>UNIGE_ALL</setSpec><setSpec>uge_aobs_RapidILL_BOOK</setSpec><setSpec>uge_acar_RapidILL_BOOK</setSpec></header><metadata>
<record xmlns="http://www.loc.gov/MARC21/slim" xmlns:xsi="http://www.w3.org/2001/XMLSchema-instance" xsi:schemaLocation="http://www.loc.gov/MARC21/slim http://www.loc.gov/standards/marcxml/schema/MARC21slim.xsd"><leader>12867nam a2200997 ca4500</leader><controlfield tag="001">991000050249705502</controlfield><controlfield tag="005">20240410141752.0</controlfield><controlfield tag="008">201012m20092014sz            00| | eng| </controlfield><datafield ind1=" " ind2=" " tag="010"><subfield code="a">2009009020</subfield></datafield><datafield ind1=" " ind2=" " tag="019"><subfield code="a">Notices analytiques</subfield><subfield code="5">RERO/iftfla/02.2014</subfield></datafield><datafield ind1=" " ind2=" " tag="020"><subfield code="a">9781594605550</subfield><subfield code="q">Vol. 2, Carolina</subfield></datafield><datafield ind1=" " ind2=" " tag="020"><subfield code="z">9781596055550</subfield><subfield code="q">Vol. 1, Carolina</subfield></datafield><datafield ind1=" " ind2=" " tag="020"><subfield code="a">9781594605550</subfield><subfield code="c">(vol. 1-2, Carolina)</subfield></datafield><datafield ind1=" " ind2=" " tag="020"><subfield code="a">9783727226465</subfield><subfield code="c">(vol. 1, Stämpfli)</subfield></datafield><datafield ind1=" " ind2=" " tag="020"><subfield code="a">9782802725343</subfield><subfield code="c">(vol. 1, Bruylant)</subfield></datafield><datafield ind1=" " ind2=" " tag="020"><subfield code="a">9789601519906</subfield><subfield code="c">(vol. 1, Sakkoulas)</subfield></datafield><datafield ind1=" " ind2=" " tag="020"><subfield code="z">9783727288708</subfield><subfield code="c">(vol. 2, Stämpli))</subfield></datafield><datafield ind1=" " ind2=" " tag="020"><subfield code="a">9783866531215</subfield><subfield code="c">(vol. 1, Sellier)</subfield></datafield><datafield ind1=" " ind2=" " tag="035"><subfield code="a">(swissbib)241446090-41slsp_network</subfield></datafield><datafield ind1=" " ind2=" " tag="035"><subfield code="a">241446090</subfield><subfield code="9">ExL</subfield></datafield><datafield ind1=" " ind2=" " tag="035"><subfield code="a">(IDSLU)000613617ILU01</subfield></datafield><datafield ind1=" " ind2=" " tag="035"><subfield code="a">(IDSBB)004900956DSV01</subfield></datafield><datafield ind1=" " ind2=" " tag="035"><subfield code="a">(RERO)R005112207-41slsp</subfield></datafield><datafield ind1=" " ind2=" " tag="035"><subfield code="a">(IDSSG)000493218HSB01</subfield></datafield><datafield ind1=" " ind2=" " tag="035"><subfield code="a">(NEBIS)005828539EBI01</subfield></datafield><datafield ind1=" " ind2=" " tag="035"><subfield code="a">(EXLNZ-41SLSP_NETWORK)991060245129705501</subfield></datafield><datafield ind1=" " ind2=" " tag="040"><subfield code="a">DLC</subfield><subfield code="e">kids</subfield><subfield code="d">CH-ZuSLS</subfield></datafield><datafield ind1=" " ind2=" " tag="044"><subfield code="a">sz</subfield><subfield code="c">ch-be</subfield></datafield><datafield ind1=" " ind2="7" tag="072"><subfield code="a">812</subfield><subfield code="2">IDS LU</subfield></datafield><datafield ind1=" " ind2="7" tag="072"><subfield code="a">841</subfield><subfield code="2">IDS LU</subfield></datafield><datafield ind1=" " ind2="7" tag="072"><subfield code="a">rw</subfield><subfield code="2">SzZuIDS BS/BE</subfield></datafield><datafield ind1=" " ind2="7" tag="072"><subfield code="a">dr</subfield><subfield code="2">rero</subfield></datafield><datafield ind1="0" ind2="4" tag="082"><subfield code="a">346.4</subfield><subfield code="2">22</subfield></datafield><datafield ind1="0" ind2="4" tag="082"><subfield code="a">346.24</subfield><subfield code="2">22</subfield></datafield><datafield ind1="1" ind2="4" tag="082"><subfield code="a">340</subfield><subfield code="2">15</subfield></datafield><datafield ind1=" " ind2=" " tag="084"><subfield code="a">PS 3730</subfield><subfield code="2">rvk</subfield></datafield><datafield ind1=" " ind2=" " tag="084"><subfield code="a">CA/CE 63 g</subfield><subfield code="2">cjurrom</subfield></datafield><datafield ind1=" " ind2=" " tag="084"><subfield code="a">FA 69 g</subfield><subfield code="2">cjurrom</subfield></datafield><datafield ind1="0" ind2="0" tag="245"><subfield code="a">European private law</subfield><subfield code="b">a handbook</subfield><subfield code="c">edited by Mauro Bussani and Franz Werro</subfield></datafield><datafield ind1=" " ind2="1" tag="264"><subfield code="a">Berne</subfield><subfield code="b">Stämpfli</subfield><subfield code="c">2009-2014</subfield></datafield><datafield ind1=" " ind2=" " tag="300"><subfield code="a">2 Bd. (586 S. ; 380 S.)</subfield><subfield code="c">23 cm</subfield></datafield><datafield ind1=" " ind2=" " tag="336"><subfield code="b">txt</subfield><subfield code="2">rdacontent</subfield></datafield><datafield ind1=" " ind2=" " tag="337"><subfield code="b">n</subfield><subfield code="2">rdamedia</subfield></datafield><datafield ind1=" " ind2=" " tag="338"><subfield code="b">nc</subfield><subfield code="2">rdacarrier</subfield></datafield><datafield ind1="0" ind2=" " tag="490"><subfield code="a">Droit privé européen</subfield></datafield><datafield ind1=" " ind2=" " tag="500"><subfield code="a">Erscheint auch in zahlr. weiteren Verlagen</subfield></datafield><datafield ind1="2" ind2="7" tag="610"><subfield code="a">Union européenne</subfield><subfield code="0">(IDREF)032486324</subfield><subfield code="2">idref</subfield></datafield><datafield ind1="2" ind2="7" tag="610"><subfield code="a">Europäische Union</subfield><subfield code="0">(DE-588)5098525-5</subfield><subfield code="2">gnd</subfield></datafield><datafield ind1="2" ind2="7" tag="610"><subfield code="a">Europäische Union</subfield><subfield code="2">idszbz</subfield></datafield><datafield ind1=" " ind2="7" tag="650"><subfield code="a">Zivilrecht</subfield><subfield code="z">Europa</subfield><subfield code="2">idsbb</subfield></datafield><datafield ind1=" " ind2="7" tag="650"><subfield code="a">Droit privé</subfield><subfield code="0">(IDREF)050572997</subfield><subfield code="2">idref</subfield></datafield><datafield ind1=" " ind2="7" tag="650"><subfield code="a">Droit européen</subfield><subfield code="0">(IDREF)027467171</subfield><subfield code="2">idref</subfield></datafield><datafield ind1=" " ind2="7" tag="650"><subfield code="a">Privatrecht</subfield><subfield code="9">ger</subfield><subfield code="0">(RERO)jurivoc000017691ger</subfield><subfield code="2">jurivoc</subfield></datafield><datafield ind1=" " ind2="7" tag="650"><subfield code="a">Rechtsvereinheitlichung</subfield><subfield code="9">ger</subfield><subfield code="0">(RERO)jurivoc000018478ger</subfield><subfield code="2">jurivoc</subfield></datafield><datafield ind1=" " ind2="7" tag="650"><subfield code="a">Rechtsvergleichung</subfield><subfield code="9">ger</subfield><subfield code="0">(RERO)jurivoc000018481ger</subfield><subfield code="2">jurivoc</subfield></datafield><datafield ind1=" " ind2="7" tag="650"><subfield code="a">droit communautaire</subfield><subfield code="0">(RERO)A009984485</subfield><subfield code="2">rerovoc</subfield></datafield><datafield ind1=" " ind2="7" tag="650"><subfield code="a">Rechtsvergleich</subfield><subfield code="0">(DE-588)4115712-6</subfield><subfield code="2">gnd</subfield></datafield><datafield ind1=" " ind2="7" tag="650"><subfield code="a">Privatrecht</subfield><subfield code="0">(DE-588)4047304-1</subfield><subfield code="2">gnd</subfield></datafield><datafield ind1=" " ind2="7" tag="650"><subfield code="a">Mitgliedsstaaten</subfield><subfield code="0">(DE-588)4170174-4</subfield><subfield code="2">gnd</subfield></datafield><datafield ind1=" " ind2="7" tag="650"><subfield code="a">Rechtsvereinheitlichung</subfield><subfield code="2">idszbz</subfield></datafield><datafield ind1=" " ind2="7" tag="650"><subfield code="a">Privatrecht</subfield><subfield code="2">idszbz</subfield></datafield><datafield ind1=" " ind2="0" tag="650"><subfield code="a">Civil law</subfield><subfield code="z">Europe</subfield></datafield><datafield ind1=" " ind2="0" tag="650"><subfield code="a">Commercial law</subfield><subfield code="z">Europe</subfield></datafield><datafield ind1=" " ind2="0" tag="650"><subfield code="a">Contracts</subfield><subfield code="z">Europe</subfield></datafield><datafield ind1=" " ind2="0" tag="650"><subfield code="a">Liability (Law)</subfield><subfield code="z">Europe</subfield></datafield><datafield ind1=" " ind2="0" tag="650"><subfield code="a">Torts</subfield><subfield code="z">Europe</subfield></datafield><datafield ind1=" " ind2="7" tag="651"><subfield code="a">Europa</subfield><subfield code="9">ger</subfield><subfield code="0">(RERO)jurivoc000007642ger</subfield><subfield code="2">jurivoc</subfield></datafield><datafield ind1=" " ind2="7" tag="651"><subfield code="a">Europa</subfield><subfield code="0">(DE-588)4015701-5</subfield><subfield code="2">gnd</subfield></datafield><datafield ind1=" " ind2="7" tag="655"><subfield code="a">Manuels d'enseignement supérieur</subfield><subfield code="0">(IDREF)03020934X</subfield><subfield code="2">idref</subfield></datafield><datafield ind1=" " ind2="7" tag="655"><subfield code="a">Manuels d'enseignement</subfield><subfield code="0">(IDREF)027446514</subfield><subfield code="2">idref</subfield></datafield><datafield ind1=" " ind2="7" tag="655"><subfield code="a">Aufsatzsammlung</subfield><subfield code="2">gnd-content</subfield></datafield><datafield ind1=" " ind2="7" tag="655"><subfield code="a">Handbuch</subfield><subfield code="2">idszbz</subfield></datafield><datafield ind1=" " ind2=" " tag="690"><subfield code="a">Eigentumsrecht; Familienrecht; Garantie; Gesellschaftsrecht; Gesetzgebung; Justiz; Testament; Vertragsrecht; unlauterer Wettbewerb; Grundrecht; Gewohnheitsrecht; Abkommen; Haftfestigkeit; Grundprinzip</subfield><subfield code="2">idssg-J</subfield></datafield><datafield ind1=" " ind2=" " tag="690"><subfield code="a">Sicherheitsrecht; Kaufrecht; Obligationenrecht; Deliktsrecht; Grundnorm; Vertragsfreiheit; Familiengesetz; Fehlerprinzip; Haftungsvereinbarung; Handelsvertrag; Handformel; Informationsregel; Kreditrecht; Quasivertrag; Schutzmethode; Verbandsübereinkunft; Verbraucherrichtlinie; Verbraucherschutzrichtlinie; Verkaufsrecht; Vertrauensprinzip; Widerrufsrecht; Lehrqualifikation; Eigentumsdiskussion; Fahrlässigkeitshaftung; Hypothekenverbriefung; Kontextüberlegung; Rückstellungshaftung; Schwerpunktverschiebung; Unternehmenshaftung; Unternehmenskonzentration; Zivilgesetzgebung; Eigentumsregelung; Eigentumssicherheit; Eigentumsübertragung; Einigungsprojekt; Einsatzmöglichkeit; Entwicklungsrisikoverteidigung; Erweiterungsprozess; Expressvertrauensstellung; Gesetzesreform; Hme; Immobiliensicherheit; Kronzeugenregelung; Nichtdurchsetzbarkeit; Personenschaden; Prüfungsfreiheit; Rahmenbedingung; Rückgabe; Verbraucherverkauf; Aktionsplan; Eheheim; Eigentumsabsicherung; Einmitgliedsunternehmen; Entschädigungsschaden; Europaabkommen; Kernfall; Raubdarlehen; Vermögensschaden; Vertragsverletzung; Abkürzungstabelle; Aktionsform; AnneCatherine; Auftraggeber; Ausgangspunkt; Eigentumsmodell; Eigentumssystem; Erfahrungsvergleich; Erfüllungsgehilfe; Erstelle; Fachkraft; Gewohnheitsrechtstradition; Grundbuchsystem; Grundkonzept; Haftungsform; Haftungsvoraussetzung; Hauptmerkmal; Hauptsitz; Informationspflicht; Mitgliedsstaat; Mitgliedstaat; Nonexpress; OstEuropa; Ostseerevolution; Persönlichkeitsinteresse; Rechtskonzept; Regulierungstechnik; Rücksichtnahme; Rückstellungspflicht; Schlussfolgerunge; Startpunkt; Subprime; Taxonomie; Unternehmensgegenstand; Unternehmensgruppe; Verfassungspatriotismus; Vertragsbegriff; Vertragslaufzeit; Verwaltungssystem; Warenkauf; WestEuropa; Zahlungsart; Ziviljustiz; Zivilrechtsgericht; Übergangszeit; Übertragungsabsicht</subfield><subfield code="2">idssg-J</subfield></datafield><datafield ind1=" " ind2=" " tag="690"><subfield code="a">eigentumsbezogene Vereinbarung; einstufiges System; europäisches Gesetzbuch; europäische Integration; gemeinsames Kaufrecht; körperliches Eigentum; nationales Verbraucherrecht; negative Pflicht; reales Eigentum; rechtliches Umfeld; staatliche Pflicht; türkisches System; unbeweglicher Pfad; vermögenswerte Sicherheit; wichtiges Modell; öffentliche Durchsetzung; öffentliches Verfahren; abschließende Bemerkung; aktuelle Richtung; allgemein EGRecht; allgemeiner Aspekt; allgemeine Bedingung; allgemeine Bemerkung; allgemeine Bestimmung; allgemeine Kategorie; allgemeine Klassifikation; allgemeines Merkmal; allgemeine Natur; allgemeine Struktur; allgemeine Theorie; allgemeines Vertragsrecht; alter Mechanismus; ambivalentes Argument; anderer Grundsatz; anderes Land; anderes Prinzip; anhaltendes Problem; aussergerichtliche Beilegung; aussergerichtliche Streitbeilegung; ausservertraglicher Ansatz; baltischer Staat; basierender Teil; belgisches System; berechtigte Erwartung; beschränkte Haftung; besondere Haftungsform; bestehend EURecht; beständige Schwäche; bewegliche Sache; bewegliches Vermögen; bürgerliches Gesetzbuch; direkte Gründung; dritte Schiedsgerichtsbarkeit; effiziente Durchsetzung; eigenständiger Bereich; eindeutiger Pfad; eindeutiger Weg; einleitende Bemerkung; einstweiliges Verbot; einstweilige Verfügung; enger Sinn; entwickelnde Struktur; erkenntnistheoretische Überlegung; erstes Jahrzehnt; europäisches Gesellschaftsrecht; europäisches Gesetz; europäisches Kaufrecht; europäische Kodifizierung; europäisches Privatrecht; europäisches Rechtssystem; europäische Sprache; europäische Union; europäischer Verbraucher; europäisches Verbraucherrecht; europäischer Verfassungspatriotismus; europäisches Vertragsrecht; externe Einschränkung; fakultative Natur; fester Teil; finanzieller Verlust; formales Sicherheitsrecht; französisches Eigentumsmodell; fundamentale Rivalität; fun</subfield><subfield code="2">idssg-J</subfield></datafield><datafield ind1=" " ind2=" " tag="690"><subfield code="a">ktionales Sicherheitsrecht; gegenwärtige Bedeutung; gelernte Handformel; geliefertes Eigentum; gemeinsames Erbe; gemeinsamer Rahmen; gemischtes Rechtssystem; geschichtlicher Hintergrund; geschütztes Interesse; gesellschaftliche Gerechtigkeit; gesetzliche Bestimmung; gesetzliche Voraussetzung; gewohnheitsrechtliche Methode; globales Rechtskonzept; grafische Darstellung; grundlegende Begriffsbestimmung; guter Glaube; historischer Hintergrund; historisches Modell; informierter Verbraucher; inkohärentes Verbrauchermodell; institutionelles System; internationale Anerkennung; internationales Einigungsprojekt; internationales Instrument; internationales Privatrecht; internationale Quelle; internationale Umwelt; internationaler Warenkauf; justizieller Schutz; kohärentes Europa; konstitutionelle Kontrolle; konzeptuelle Rahmenbedingung; kritische Analyse; kritische Schlussfolgerunge; körperliches Eigentum; legislative Quelle; materielle Bestimmung; materieller Schutz; materielle Vertragsfreiheit; mehrdeutiges Konzept; moralischer Übergriff; moralische Überheblichkeit; nationales Kaufrecht; nationales Privatrecht; nationales Rechtssystem; nationale Steuerung; nationaler Versicherungsmarkt; nationales Verwaltungssystem; neu EU; neues Jahrtausend; neuer Mitgliedsstaat; neuer Mitgliedstaat; neue Regel; neuer Szenarium; neues Vertragsrecht; obligatorisches Gesetz; obligatorische Regel; optimale Gestaltung; optionales Instrument; organisiertes Unternehmen; pariser Verbandsübereinkunft; pathologisches Phänomen; pathologisches Raubdarlehen; persönliches Eigentum; persönliche Eigentumsabsicherung; persönliche Eigentumssicherheit; persönliche Handlung; persönlicher Rechter; politische Entscheidung; positive Pflicht; private Durchsetzung; privates Verfahren; privatrechtliche Justiz; rechtliche Analyse; rechtliche Grundlage; rechtliche Harmonisierung; rechtliche Integration; rechtliche Kon</subfield><subfield code="2">idssg-J</subfield></datafield><datafield ind1=" " ind2=" " tag="690"><subfield code="a">sequenz; rechtliche Regel; rechtliche Veralterung; rechtliche Vielfalt; rechtliche Vorschrift; relative Autonomie; schwebende Sicherheit; soziale Konformität; sozialistische Vergangenheit; sozialistisches Vermächtnis; staatliche Behörde; strikte Haftung; teilweiser Erfolg; theoretischer Startpunkt; unbewegliches Vermögen; unerlaubte Handlung; unerlaubte Vertragsverletzung; ungarisches System; ungerechte Bereicherung; unsichere Symmetrie; verbraucherspezifisches Problem; vereinte Nation; verfassungsmäßiger Schutz; vergleichbarer Vorteil; vergleichende Analyse; vergleichende Bemerkung; vergleichende Schlussfolgerunge; verschiedenes Rechtssystem; vertraglicher Altruismus; vertragliche Dimension; vertragliche Eigentumsübertragung; vertragliche Vereinbarung; vertragliche Verjährungsfrist; vielfältige Einsatzmöglichkeit; vorbeugende Unterlassungsverfügung; vorgeschlagen CESL; vorsätzliche Überweisung; westeuropäisches Land; westeuropäisches Rechtssystem; westliches Eigentumsrecht; westliches Modell; westliches Obligationenrecht; westliches Vertragsrecht; wichtige Schutzmethode; wirtschaftlicher Grund; wirtschaftliches Umfeld; ziviler Ansatz; ziviles Obligationenrecht; zivilrechtliche Tradition; zukünftige Europäisierung; zweistufiges System; öffentliches Abonnement; öffentlicher Ankläger; öffentliche Ordnung; ökonomische Analyse; österreichisches System; östliche Umwandlung; östliches Vertragsrecht; übermäßige Instrumentalisierung; übertragendes Element</subfield><subfield code="2">idssg-J</subfield></datafield><datafield ind1=" " ind2=" " tag="690"><subfield code="a">Europa C4E; Frankreich C4EUFR; EU C4EU; Ungarn C4EXHU; Osteuropa C4E0EE; Westeuropa C4EOWE; Italien C4EUIT; Griechenland C4EUGR; Niederlande C4EUNE; Baltikum C4EXBA; Ostsee; Vereinte Nationen C00WOR</subfield><subfield code="2">idssg-J</subfield></datafield><datafield ind1=" " ind2=" " tag="690"><subfield code="a">Andrea Heinemann; AnneCatherine Hahn; Antoni Vaquer; Antonio Gambaro; Anzahl Obligatorische Regeln; Attila Menyhard; Aussetzung Verschiebung Erneuerung; Austausch Iustum Pretium Causa Rücksichtnahme; baltisch Staaten Ungarn; Barbara De Donno; Carla Sieburgh; Carolina Akademische; Christiana Fountoulakis; Christoph Schmid; Diego Corapi; dritt Schiedsgerichtsbarkeit Mediation; Eastern Tort Law; Eigentum Grundlegende Begriffsbestimmungen; Eric Mittereder; Esin Orticti; europäisch Verbraucherrecht Thomas Wilhelmsson Geraint Howells; Ewoud Hondius; Francesca Fiorentini; Francesco Parisi; Franz Werro Herausgeber Europäisches Privatrecht; funktional Sicherheitsrechte Eigentum; gemischt Rechtssysteme Trusts; Gert Brüggemeier; Guido Alpa; Handbuch Band Carolina Academic; Handbuch Band Stampfh GmbH; Handbuch Mauro Bussani Franz Werro Herausgeber; Hans Micklitz; international Umwelt Haftungsvereinbarungen; konstitutionell Kontrolle Grundsätze; legislativ Quellen Kontrolle; Luc Thevenoz; Monika Hinteregger; Partei Geliefertes Eigentum; persönlich Rechte Pflichten; Pole Norbert Reich; Prof. Dr.; Sache Formale Sicherheitsrechte; Samantha Besson; Schwerpunkt Eigentumsvorbehalt Abtretung; Stampfli Verlage Abkürzungstabelle; Thomas Mollers; Thomas Wilhelmsson Geraint Howells; Tibor Tajti; Trust by; Vermögen Rodolfo Sacco</subfield><subfield code="2">idssg-J</subfield></datafield><datafield ind1=" " ind2=" " tag="691"><subfield code="e">PC 63 XA</subfield><subfield code="2">rzs-L1</subfield></datafield><datafield ind1="1" ind2=" " tag="700"><subfield code="a">Bussani, Mauro</subfield><subfield code="d">1959-</subfield><subfield code="0">(DE-588)130012254</subfield><subfield code="6">880-02</subfield></datafield><datafield ind1="1" ind2=" " tag="880"><subfield code="6">700-02</subfield><subfield code="a">Bussani, Mauro</subfield><subfield code="d">1959-....</subfield><subfield code="0">(IDREF)032375476</subfield></datafield><datafield ind1="4" ind2=" " tag="856"><subfield code="3">Titelblatt und Inhaltsverzeichnis</subfield><subfield code="u">https://toc.library.ethz.ch/objects/pdf03/z16_978-3-7272-8870-8_01.pdf</subfield><subfield code="q">pdf</subfield></datafield><datafield ind1=" " ind2=" " tag="900"><subfield code="a">IDSZ2rwimon200909p</subfield><subfield code="c">IDSZ2buche 090902</subfield><subfield code="d">IDSZ2rwiswk200909b</subfield><subfield code="e">IDSZ2rohn</subfield></datafield><datafield ind1=" " ind2=" " tag="900"><subfield code="a">IDSZ2zbzmon201002l</subfield><subfield code="c">IDSZ2gall</subfield><subfield code="d">IDSZ2zbzswk201003u</subfield><subfield code="e">IDSZ2bruu</subfield></datafield><datafield ind1=" " ind2=" " tag="900"><subfield code="a">IDSE5E51ANH-2009</subfield></datafield><datafield ind1=" " ind2=" " tag="949"><subfield code="a">https://toc.library.ethz.ch/objects/pdf03/z16_978-3-7272-8870-8_01.pdf</subfield></datafield></record>
</metadata></record>