<record><header><identifier>oai:alma.41SLSP_UGE:991000050039705502</identifier><datestamp>2024-07-16T00:09:16Z</datestamp><setSpec>uge_bcen_RapidILL_BOOK</setSpec><setSpec>uge_aaca_RapidILL_BOOK</setSpec><setSpec>uge_abels_RapidILL_BOOK</setSpec><setSpec>uge_dbu_RapidILL_BOOK</setSpec><setSpec>uge_cmu_RapidILL_BOOK</setSpec><setSpec>uge_mail_RapidILL_BOOK</setSpec><setSpec>uge_abbat_RapidILL_BOOK</setSpec><setSpec>UNIGE_ALL</setSpec><setSpec>uge_aobs_RapidILL_BOOK</setSpec><setSpec>uge_acar_RapidILL_BOOK</setSpec></header><metadata>
<record xmlns="http://www.loc.gov/MARC21/slim" xmlns:xsi="http://www.w3.org/2001/XMLSchema-instance" xsi:schemaLocation="http://www.loc.gov/MARC21/slim http://www.loc.gov/standards/marcxml/schema/MARC21slim.xsd"><leader>01241nam a2200313 c 4500</leader><controlfield tag="001">991000050039705502</controlfield><controlfield tag="005">20240715121259.0</controlfield><controlfield tag="008">871106s1973    xxk||||| |||| 00| ||eng d</controlfield><datafield ind1=" " ind2=" " tag="035"><subfield code="a">(swissbib)082210446-41slsp_network</subfield></datafield><datafield ind1=" " ind2=" " tag="035"><subfield code="a">082210446</subfield><subfield code="9">ExL</subfield></datafield><datafield ind1=" " ind2=" " tag="035"><subfield code="a">(RERO)0903718-41slsp</subfield></datafield><datafield ind1=" " ind2=" " tag="035"><subfield code="a">(EXLNZ-41SLSP_NETWORK)991137117439705501</subfield></datafield><datafield ind1=" " ind2=" " tag="040"><subfield code="a">RERO geulha</subfield><subfield code="d">CH-ZuSLS UNIGE</subfield><subfield code="b">fre</subfield><subfield code="e">rda</subfield></datafield><datafield ind1=" " ind2="7" tag="072"><subfield code="a">ba</subfield><subfield code="2">rero</subfield></datafield><datafield ind1="0" ind2="0" tag="245"><subfield code="a">Magritte</subfield><subfield code="b">retrospective loan exhibition : Marlborough Fine Art, October-November 1973</subfield></datafield><datafield ind1=" " ind2="1" tag="264"><subfield code="a">London</subfield><subfield code="b">Marlborough Fine Art</subfield><subfield code="c">[1973]</subfield></datafield><datafield ind1=" " ind2=" " tag="300"><subfield code="a">128 pages</subfield><subfield code="b">illustré en noir et en couleur</subfield><subfield code="c">30 cm</subfield></datafield><datafield ind1=" " ind2=" " tag="336"><subfield code="b">txt</subfield><subfield code="2">rdacontent</subfield></datafield><datafield ind1=" " ind2=" " tag="337"><subfield code="b">n</subfield><subfield code="2">rdamedia</subfield></datafield><datafield ind1=" " ind2=" " tag="338"><subfield code="b">nc</subfield><subfield code="2">rdacarrier</subfield></datafield><datafield ind1=" " ind2=" " tag="500"><subfield code="a">Exposition. London. Marlborough Fine Art. 1973</subfield></datafield><datafield ind1="1" ind2="7" tag="600"><subfield code="a">Magritte, René</subfield><subfield code="d">1898-1967</subfield><subfield code="0">(IDREF)032771304</subfield><subfield code="2">idref</subfield></datafield><datafield ind1=" " ind2="7" tag="650"><subfield code="a">Art</subfield><subfield code="x">Histoire</subfield><subfield code="0">(IDREF)027823563</subfield><subfield code="2">idref</subfield></datafield><datafield ind1=" " ind2="7" tag="650"><subfield code="a">Surréalisme (art)</subfield><subfield code="0">(IDREF)027331709</subfield><subfield code="2">idref</subfield></datafield><datafield ind1=" " ind2="7" tag="650"><subfield code="a">Corps humain</subfield><subfield code="x">Dans l'art</subfield><subfield code="0">(IDREF)027433609</subfield><subfield code="2">idref</subfield></datafield><datafield ind1=" " ind2="7" tag="650"><subfield code="a">Représentation (esthétique)</subfield><subfield code="0">(IDREF)027809706</subfield><subfield code="2">idref</subfield></datafield><datafield ind1=" " ind2="7" tag="655"><subfield code="a">Catalogues d'exposition</subfield><subfield code="0">(IDREF)027320456</subfield><subfield code="2">idref</subfield></datafield><datafield ind1="1" ind2=" " tag="700"><subfield code="a">Magritte, René</subfield><subfield code="d">1898-1967</subfield><subfield code="0">(IDREF)032771304</subfield><subfield code="4">art</subfield></datafield><datafield ind1=" " ind2=" " tag="900"><subfield code="a">REROnoselfmerge</subfield></datafield><datafield ind1=" " ind2=" " tag="903"><subfield code="a">RERO-SIGN</subfield><subfield code="5">UNIGE/20240715/mbr</subfield></datafield><datafield ind1=" " ind2=" " tag="993"><subfield code="a">BFLB 4127</subfield><subfield code="x">ge/ulha/a/87/1334</subfield><subfield code="9">local</subfield></datafield></record>
</metadata></record>