<record><header><identifier>oai:alma.41SLSP_UGE:991000008349705502</identifier><datestamp>2023-03-01T01:08:47Z</datestamp><setSpec>uge_bcen_RapidILL_BOOK</setSpec><setSpec>uge_aaca_RapidILL_BOOK</setSpec><setSpec>uge_abels_RapidILL_BOOK</setSpec><setSpec>uge_dbu_RapidILL_BOOK</setSpec><setSpec>uge_cmu_RapidILL_BOOK</setSpec><setSpec>uge_mail_RapidILL_BOOK</setSpec><setSpec>UNIGE_ALL</setSpec><setSpec>uge_abbat_RapidILL_BOOK</setSpec><setSpec>uge_aobs_RapidILL_BOOK</setSpec><setSpec>uge_acar_RapidILL_BOOK</setSpec></header><metadata>
<record xmlns="http://www.loc.gov/MARC21/slim" xmlns:xsi="http://www.w3.org/2001/XMLSchema-instance" xsi:schemaLocation="http://www.loc.gov/MARC21/slim http://www.loc.gov/standards/marcxml/schema/MARC21slim.xsd"><leader>01616nam a2200481 c 4500</leader><controlfield tag="001">991000008349705502</controlfield><controlfield tag="005">20210207212838.0</controlfield><controlfield tag="008">201011s1977    ne ||||| |||| 00| ||eng d</controlfield><datafield ind1=" " ind2=" " tag="020"><subfield code="a">0444002324</subfield></datafield><datafield ind1=" " ind2=" " tag="035"><subfield code="a">(swissbib)231255705-41slsp_network</subfield></datafield><datafield ind1=" " ind2=" " tag="035"><subfield code="a">231255705</subfield><subfield code="9">ExL</subfield></datafield><datafield ind1=" " ind2=" " tag="035"><subfield code="a">(RERO)0468404-41slsp</subfield></datafield><datafield ind1=" " ind2=" " tag="035"><subfield code="a">(IDSBB)002534629DSV01</subfield></datafield><datafield ind1=" " ind2=" " tag="035"><subfield code="a">(NEBIS)000128542EBI01</subfield></datafield><datafield ind1=" " ind2=" " tag="035"><subfield code="a">(EXLNZ-41SLSP_NETWORK)991127662919705501</subfield></datafield><datafield ind1=" " ind2=" " tag="040"><subfield code="a">RERO</subfield><subfield code="d">CH-ZuSLS</subfield></datafield><datafield ind1=" " ind2="7" tag="072"><subfield code="a">me</subfield><subfield code="2">rero</subfield></datafield><datafield ind1=" " ind2="7" tag="072"><subfield code="a">bi</subfield><subfield code="2">SzZuIDS BS/BE</subfield></datafield><datafield ind1="0" ind2="0" tag="082"><subfield code="a">574.8/75</subfield><subfield code="2">18</subfield></datafield><datafield ind1="1" ind2="4" tag="082"><subfield code="a">570</subfield><subfield code="2">15</subfield></datafield><datafield ind1=" " ind2=" " tag="084"><subfield code="a">WE 5000</subfield><subfield code="2">rvk</subfield></datafield><datafield ind1=" " ind2=" " tag="084"><subfield code="a">WE 5200</subfield><subfield code="2">rvk</subfield></datafield><datafield ind1="0" ind2="0" tag="245"><subfield code="a">&lt;&lt;The&gt;&gt; Synthesis, Assembly and Turnover of Cell Surface Components</subfield><subfield code="c">ed. by George Poste and Garth L. Nicolson</subfield></datafield><datafield ind1=" " ind2="1" tag="264"><subfield code="a">Amsterdam</subfield><subfield code="a">New York [etc.]</subfield><subfield code="b">North-Holland Publ. Co.</subfield><subfield code="c">1977</subfield></datafield><datafield ind1=" " ind2=" " tag="300"><subfield code="a">XXV, 883 p.</subfield><subfield code="b">ill.</subfield><subfield code="c">25 cm</subfield></datafield><datafield ind1=" " ind2=" " tag="336"><subfield code="b">txt</subfield><subfield code="2">rdacontent</subfield></datafield><datafield ind1=" " ind2=" " tag="337"><subfield code="b">n</subfield><subfield code="2">rdamedia</subfield></datafield><datafield ind1=" " ind2=" " tag="338"><subfield code="b">nc</subfield><subfield code="2">rdacarrier</subfield></datafield><datafield ind1="1" ind2=" " tag="490"><subfield code="a">Cell surface reviews</subfield><subfield code="v">vol. 4</subfield></datafield><datafield ind1=" " ind2="2" tag="650"><subfield code="a">Cell Wall</subfield><subfield code="x">metabolism</subfield></datafield><datafield ind1=" " ind2="2" tag="650"><subfield code="a">Cell Membrane</subfield><subfield code="x">metabolism</subfield></datafield><datafield ind1=" " ind2="2" tag="650"><subfield code="a">Cells</subfield><subfield code="x">metabolism</subfield></datafield><datafield ind1=" " ind2="7" tag="650"><subfield code="a">Zelloberfläche</subfield><subfield code="0">(DE-588)4190667-6</subfield><subfield code="2">gnd</subfield></datafield><datafield ind1=" " ind2="0" tag="650"><subfield code="a">Biosynthesis</subfield></datafield><datafield ind1=" " ind2="0" tag="650"><subfield code="a">Cell membranes</subfield></datafield><datafield ind1=" " ind2="0" tag="650"><subfield code="a">Cell metabolism</subfield></datafield><datafield ind1=" " ind2="0" tag="650"><subfield code="a">Cytochemistry</subfield></datafield><datafield ind1=" " ind2="7" tag="650"><subfield code="a">ZELLOBERFLÄCHE (CYTOLOGIE)</subfield><subfield code="9">ger</subfield><subfield code="0">(ETHUDK)000043659</subfield><subfield code="2">ethudk</subfield></datafield><datafield ind1=" " ind2=" " tag="690"><subfield code="a">Zellmembran</subfield><subfield code="2">uzb-Z9</subfield></datafield><datafield ind1="1" ind2=" " tag="700"><subfield code="a">Nicolson, Garth L.</subfield><subfield code="0">(IDREF)032577176</subfield></datafield><datafield ind1="1" ind2=" " tag="700"><subfield code="a">Poste, George</subfield><subfield code="0">(IDREF)098228439</subfield></datafield><datafield ind1=" " ind2="0" tag="830"><subfield code="a">Cell surface reviews</subfield><subfield code="v">4</subfield><subfield code="w">(RERO)0399978-41slsp</subfield></datafield><datafield ind1=" " ind2="0" tag="830"><subfield code="a">Cell surface reviews</subfield><subfield code="v">4</subfield><subfield code="w">(IDSBB)000243268DSV01</subfield></datafield><datafield ind1=" " ind2=" " tag="900"><subfield code="a">REROnoselfmerge</subfield></datafield></record>
</metadata></record>