<record><header><identifier>oai:alma.41SLSP_UGE:991000049539705502</identifier><datestamp>2023-03-01T01:08:47Z</datestamp><setSpec>UNIGE_ALL</setSpec></header><metadata>
<record xmlns="http://www.loc.gov/MARC21/slim" xmlns:xsi="http://www.w3.org/2001/XMLSchema-instance" xsi:schemaLocation="http://www.loc.gov/MARC21/slim http://www.loc.gov/standards/marcxml/schema/MARC21slim.xsd"><leader>01845njm a22003377c 4500</leader><controlfield tag="001">991000049539705502</controlfield><controlfield tag="005">20201222215621.0</controlfield><controlfield tag="007">sd f||g|||||||</controlfield><controlfield tag="008">110122s2001    xx ||n |            ita d</controlfield><datafield ind1="0" ind2="2" tag="028"><subfield code="a">Tactus TC 681903</subfield></datafield><datafield ind1=" " ind2=" " tag="035"><subfield code="a">(swissbib)113596006-41slsp_network</subfield></datafield><datafield ind1=" " ind2=" " tag="035"><subfield code="a">113596006</subfield><subfield code="9">ExL</subfield></datafield><datafield ind1=" " ind2=" " tag="035"><subfield code="a">(RERO)R006025483-41slsp</subfield></datafield><datafield ind1=" " ind2=" " tag="035"><subfield code="a">(EXLNZ-41SLSP_NETWORK)991072898669705501</subfield></datafield><datafield ind1=" " ind2=" " tag="040"><subfield code="a">RERO geulmu</subfield><subfield code="d">CH-ZuSLS</subfield></datafield><datafield ind1="0" ind2=" " tag="041"><subfield code="a">ita</subfield><subfield code="a">eng</subfield><subfield code="a">fre</subfield></datafield><datafield ind1=" " ind2="7" tag="072"><subfield code="a">mu</subfield><subfield code="2">rero</subfield></datafield><datafield ind1="1" ind2=" " tag="100"><subfield code="a">Scarlatti, Domenico</subfield><subfield code="d">1685-1757</subfield><subfield code="0">(IDREF)027541533</subfield><subfield code="4">cre</subfield></datafield><datafield ind1="1" ind2="0" tag="245"><subfield code="a">Sonate per cembalo</subfield><subfield code="b">Parte prima</subfield><subfield code="c">Domenico Scarlatti</subfield></datafield><datafield ind1=" " ind2="1" tag="264"><subfield code="a">[Lieu de publication non identifié]</subfield><subfield code="b">[éditeur non identifié]</subfield><subfield code="c">2001</subfield></datafield><datafield ind1=" " ind2=" " tag="300"><subfield code="a">1 disque compact</subfield></datafield><datafield ind1=" " ind2=" " tag="336"><subfield code="b">prm</subfield><subfield code="2">rdacontent</subfield></datafield><datafield ind1=" " ind2=" " tag="337"><subfield code="b">s</subfield><subfield code="2">rdamedia</subfield></datafield><datafield ind1=" " ind2=" " tag="338"><subfield code="b">sd</subfield><subfield code="2">rdacarrier</subfield></datafield><datafield ind1=" " ind2=" " tag="500"><subfield code="a">Durée: 76 min. 5 sec.</subfield></datafield><datafield ind1=" " ind2=" " tag="500"><subfield code="a">Enregistrement: 2000</subfield></datafield><datafield ind1=" " ind2=" " tag="500"><subfield code="a">Formation: clavecin</subfield></datafield><datafield ind1=" " ind2=" " tag="500"><subfield code="a">Opus: K. 43 ; K. 44 ; K. 45 ; K. 46 ; K. 47 ; K. 48 ; K. 49 ; K. 50 ; K. 51 ; K. 52 ; K. 53 ; K. 54 ; K. 55 ; K. 56</subfield></datafield><datafield ind1=" " ind2=" " tag="500"><subfield code="a">Tonalité: Sol mineur ; Fa majeur ; Ré majeur ; Mi majeur ; Si bémol majeur ; Do mineur ; Do majeur ; Fa mineur ; Mi bémol majeur ; Ré mineur ; La mineur ; Sol majeur</subfield></datafield><datafield ind1="0" ind2=" " tag="505"><subfield code="a">[Sonates. Clavecin. Sonata 12. K. 54] ; [Sonates. Clavecin. Sonata 14. K. 56] ; [Sonates. Clavecin. Sonata 13. K. 55] ; [Sonates. Clavecin. Sonata 6. K. 48] ; [Sonates. Clavecin. Sonata 11. K. 53] ; [Sonates. Clavecin. Sonata 2. K. 44] ; [Sonates. Clavecin. Sonata 1. K. 43] ; [Sonates. Clavecin. Sonata 3. K. 45] ; [Sonates. Clavecin. Sonata 5. K. 47] ; [Sonates. Clavecin. Sonata 7. K. 49] ; [Sonates. Clavecin. Sonata 8. K. 50] ; [Sonates. Clavecin. Sonata 10. K. 52] ; [Sonates. Clavecin. Sonata 4. K. 46] ; [Sonates. Clavecin. Sonata 9. K. 51]</subfield></datafield><datafield ind1="1" ind2=" " tag="700"><subfield code="a">Cera, Francesco</subfield><subfield code="d">1967-....</subfield><subfield code="0">(IDREF)083488235</subfield></datafield><datafield ind1=" " ind2=" " tag="900"><subfield code="a">REROnoselfmerge</subfield></datafield><datafield ind1=" " ind2=" " tag="960"><subfield code="2">matmu</subfield><subfield code="a">Italie ; XVIIIe ; Baroque</subfield><subfield code="9">LOCAL</subfield></datafield></record>
</metadata></record>