<record><header><identifier>oai:alma.41SLSP_UGE:991000008659705502</identifier><datestamp>2023-03-04T01:29:06Z</datestamp><setSpec>uge_bcen_RapidILL_BOOK</setSpec><setSpec>uge_aaca_RapidILL_BOOK</setSpec><setSpec>uge_abels_RapidILL_BOOK</setSpec><setSpec>uge_dbu_RapidILL_BOOK</setSpec><setSpec>uge_cmu_RapidILL_BOOK</setSpec><setSpec>uge_mail_RapidILL_BOOK</setSpec><setSpec>uge_abbat_RapidILL_BOOK</setSpec><setSpec>UNIGE_ALL</setSpec><setSpec>uge_aobs_RapidILL_BOOK</setSpec><setSpec>uge_acar_RapidILL_BOOK</setSpec></header><metadata>
<record xmlns="http://www.loc.gov/MARC21/slim" xmlns:xsi="http://www.w3.org/2001/XMLSchema-instance" xsi:schemaLocation="http://www.loc.gov/MARC21/slim http://www.loc.gov/standards/marcxml/schema/MARC21slim.xsd"><leader>01224nam a2200313 c 4500</leader><controlfield tag="001">991000008659705502</controlfield><controlfield tag="005">20230303202937.0</controlfield><controlfield tag="008">030506s2002    dk ||||| |||| 10| ||eng d</controlfield><datafield ind1=" " ind2=" " tag="020"><subfield code="a">8772896485</subfield></datafield><datafield ind1=" " ind2=" " tag="035"><subfield code="a">(swissbib)098935607-41slsp_network</subfield></datafield><datafield ind1=" " ind2=" " tag="035"><subfield code="a">098935607</subfield><subfield code="9">ExL</subfield></datafield><datafield ind1=" " ind2=" " tag="035"><subfield code="a">(RERO)R003352152-41slsp</subfield></datafield><datafield ind1=" " ind2=" " tag="035"><subfield code="a">(EXLNZ-41SLSP_NETWORK)991002321669705501</subfield></datafield><datafield ind1=" " ind2=" " tag="040"><subfield code="a">RERO geulsa</subfield><subfield code="d">CH-ZuSLS</subfield></datafield><datafield ind1="0" ind2=" " tag="041"><subfield code="a">eng</subfield><subfield code="a">fre</subfield><subfield code="a">ger</subfield></datafield><datafield ind1=" " ind2="7" tag="072"><subfield code="a">ha</subfield><subfield code="2">rero</subfield></datafield><datafield ind1="0" ind2="0" tag="245"><subfield code="a">Acts of the seventh International Conference of Demotic studies</subfield><subfield code="b">Copenhagen, 23-27 August 1999</subfield><subfield code="c">ed. by Kim Ryholt</subfield></datafield><datafield ind1=" " ind2="1" tag="264"><subfield code="a">Copenhagen</subfield><subfield code="b">The Carsten Niebuhr Institute of Near Eastern Studies [etc.]</subfield><subfield code="c">2002</subfield></datafield><datafield ind1=" " ind2=" " tag="300"><subfield code="a">401 p., 16 p. de pl.</subfield><subfield code="b">ill.</subfield><subfield code="c">31 cm</subfield></datafield><datafield ind1=" " ind2=" " tag="336"><subfield code="b">txt</subfield><subfield code="2">rdacontent</subfield></datafield><datafield ind1=" " ind2=" " tag="337"><subfield code="b">n</subfield><subfield code="2">rdamedia</subfield></datafield><datafield ind1=" " ind2=" " tag="338"><subfield code="b">nc</subfield><subfield code="2">rdacarrier</subfield></datafield><datafield ind1="1" ind2=" " tag="490"><subfield code="a">CNI publications</subfield><subfield code="v">27</subfield></datafield><datafield ind1=" " ind2="7" tag="650"><subfield code="a">Lexicographie</subfield><subfield code="0">(IDREF)027487717</subfield><subfield code="2">idref</subfield></datafield><datafield ind1=" " ind2="7" tag="650"><subfield code="a">Grec (langue) moderne</subfield><subfield code="0">(IDREF)02722841X</subfield><subfield code="2">idref</subfield></datafield><datafield ind1=" " ind2="7" tag="655"><subfield code="a">Actes de congrès</subfield><subfield code="0">(IDREF)02886431X</subfield><subfield code="2">idref</subfield></datafield><datafield ind1="1" ind2=" " tag="700"><subfield code="a">Ryholt, Kim Steven Bardrum</subfield><subfield code="d">1970-....</subfield><subfield code="0">(IDREF)066921074</subfield></datafield><datafield ind1="2" ind2=" " tag="711"><subfield code="a">International Conference for Demotic Studies</subfield><subfield code="n">7</subfield><subfield code="d">1999</subfield><subfield code="c">København</subfield><subfield code="0">(RERO)A013414745</subfield></datafield><datafield ind1=" " ind2="0" tag="830"><subfield code="a">CNI publications</subfield><subfield code="v">27</subfield><subfield code="w">(RERO)0981388-41slsp</subfield></datafield><datafield ind1=" " ind2=" " tag="900"><subfield code="a">REROnoselfmerge</subfield></datafield></record>
</metadata></record>