<record><header><identifier>oai:alma.41SLSP_UGE:991000009179705502</identifier><datestamp>2024-09-13T00:17:49Z</datestamp><setSpec>UNIGE_ALL</setSpec></header><metadata>
<record xmlns="http://www.loc.gov/MARC21/slim" xmlns:xsi="http://www.w3.org/2001/XMLSchema-instance" xsi:schemaLocation="http://www.loc.gov/MARC21/slim http://www.loc.gov/standards/marcxml/schema/MARC21slim.xsd"><leader>02374ngm a2200457 c 4500</leader><controlfield tag="001">991000009179705502</controlfield><controlfield tag="005">20240912134219.0</controlfield><controlfield tag="007">vd#|v||||</controlfield><controlfield tag="008">170831s2017    sz ||| |          v|ger d</controlfield><datafield ind1="4" ind2="2" tag="028"><subfield code="a">7619965026067</subfield></datafield><datafield ind1=" " ind2=" " tag="035"><subfield code="a">(swissbib)124120563-41slsp_network</subfield></datafield><datafield ind1=" " ind2=" " tag="035"><subfield code="a">124120563</subfield><subfield code="9">ExL</subfield></datafield><datafield ind1=" " ind2=" " tag="035"><subfield code="a">(RERO)R008695916-41slsp</subfield></datafield><datafield ind1=" " ind2=" " tag="035"><subfield code="a">(EXLNZ-41SLSP_NETWORK)991067329019705501</subfield></datafield><datafield ind1=" " ind2=" " tag="040"><subfield code="a">RERO geumem</subfield><subfield code="d">CH-ZuSLS</subfield></datafield><datafield ind1="1" ind2=" " tag="041"><subfield code="a">gsw</subfield><subfield code="a">eng</subfield><subfield code="a">fre</subfield><subfield code="a">ger</subfield><subfield code="h">gsw</subfield></datafield><datafield ind1=" " ind2=" " tag="044"><subfield code="a">sz</subfield><subfield code="c">ch-zh</subfield></datafield><datafield ind1=" " ind2="7" tag="072"><subfield code="a">et</subfield><subfield code="2">rero</subfield></datafield><datafield ind1=" " ind2="7" tag="072"><subfield code="a">mu</subfield><subfield code="2">rero</subfield></datafield><datafield ind1="0" ind2="0" tag="245"><subfield code="a">Yéniche sounds</subfield><subfield code="b">= Unerhört jenisch</subfield><subfield code="c">un film de Karoline Arn et Martina Rieder</subfield></datafield><datafield ind1="1" ind2=" " tag="246"><subfield code="a">Unerhört jenisch</subfield></datafield><datafield ind1=" " ind2="1" tag="264"><subfield code="a">[Zürich]</subfield><subfield code="b">Frenetic Films</subfield><subfield code="c">2017</subfield></datafield><datafield ind1=" " ind2=" " tag="300"><subfield code="a">1 DVD-vidéo</subfield></datafield><datafield ind1=" " ind2=" " tag="336"><subfield code="b">tdi</subfield><subfield code="2">rdacontent</subfield></datafield><datafield ind1=" " ind2=" " tag="337"><subfield code="b">v</subfield><subfield code="2">rdamedia</subfield></datafield><datafield ind1=" " ind2=" " tag="338"><subfield code="b">vd</subfield><subfield code="2">rdacarrier</subfield></datafield><datafield ind1=" " ind2=" " tag="500"><subfield code="a">Durée du film : 1h32 min.</subfield></datafield><datafield ind1=" " ind2=" " tag="500"><subfield code="a">Choix de langues : suisse-allemand. Choix de sous-titres : allemand, français, anglais</subfield></datafield><datafield ind1=" " ind2=" " tag="500"><subfield code="a">Une prod. Dschoint Ventschr Filmprod., cop. 2017</subfield></datafield><datafield ind1="0" ind2=" " tag="511"><subfield code="a">Avec Stephan Eicher, Obervazer Töbelifäzer, Bündner Spitzbueba ... et al.</subfield></datafield><datafield ind1="8" ind2=" " tag="520"><subfield code="a">&quot;Stephan Eicher joue avec l'image du tsigane et remonte avec son frère Erich ses origines yéniche. Les recherches nous conduisent dans les montagnes des Grisons, du côté des familles qui y ont émigré jadis et de leur légendaire musique de danse. Dans ces familles yéniches, une tradition musicale inconnue est bien vivante ; elle imprègne la musique folklorique suisse, taquine le blues, éclate en chanson ou se rebelle dans le punk. YENICHE SOUND raconte toutefois aussi une histoire de discrimination et de persécution qui a réduit les musiciens au silence. Un film sur le secret du son particulier.&quot;</subfield><subfield code="5">RERO/geumem/01.2018</subfield></datafield><datafield ind1="8" ind2=" " tag="520"><subfield code="a">Documentaire</subfield><subfield code="5">RERO/vsbcvs/11.2018</subfield></datafield><datafield ind1=" " ind2="7" tag="650"><subfield code="a">Musique tsigane</subfield><subfield code="0">(IDREF)027509451</subfield><subfield code="2">idref</subfield></datafield><datafield ind1=" " ind2="7" tag="650"><subfield code="a">Yéniches</subfield><subfield code="0">(IDREF)050645633</subfield><subfield code="2">idref</subfield></datafield><datafield ind1=" " ind2="7" tag="650"><subfield code="a">Musique traditionnelle</subfield><subfield code="0">(IDREF)02750946X</subfield><subfield code="2">idref</subfield></datafield><datafield ind1=" " ind2="7" tag="650"><subfield code="a">Musique populaire suisse</subfield><subfield code="0">(RERO)A022558353</subfield><subfield code="2">rero</subfield></datafield><datafield ind1=" " ind2="7" tag="650"><subfield code="a">Discrimination raciale</subfield><subfield code="0">(IDREF)027495132</subfield><subfield code="2">idref</subfield></datafield><datafield ind1=" " ind2="7" tag="651"><subfield code="a">Grisons (Suisse)</subfield><subfield code="0">(IDREF)027228517</subfield><subfield code="2">idref</subfield></datafield><datafield ind1=" " ind2="7" tag="655"><subfield code="a">DVD</subfield><subfield code="0">(IDREF)035108444</subfield><subfield code="2">idref</subfield></datafield><datafield ind1="1" ind2=" " tag="700"><subfield code="a">Arn, Karoline</subfield><subfield code="d">1969-….</subfield><subfield code="0">(IDREF)243993889</subfield></datafield><datafield ind1="1" ind2=" " tag="700"><subfield code="a">Rieder, Martina</subfield><subfield code="d">1972-....</subfield><subfield code="0">(IDREF)276157982</subfield></datafield><datafield ind1="1" ind2=" " tag="700"><subfield code="a">Eicher, Stephan</subfield><subfield code="d">1960-....</subfield><subfield code="0">(IDREF)122271076</subfield></datafield></record>
</metadata></record>