<record><header><identifier>oai:alma.41SLSP_UGE:991000049329705502</identifier><datestamp>2023-03-01T01:08:47Z</datestamp><setSpec>uge_bcen_RapidILL_BOOK</setSpec><setSpec>uge_aaca_RapidILL_BOOK</setSpec><setSpec>uge_abels_RapidILL_BOOK</setSpec><setSpec>uge_dbu_RapidILL_BOOK</setSpec><setSpec>uge_cmu_RapidILL_BOOK</setSpec><setSpec>uge_mail_RapidILL_BOOK</setSpec><setSpec>UNIGE_ALL</setSpec><setSpec>uge_abbat_RapidILL_BOOK</setSpec><setSpec>uge_aobs_RapidILL_BOOK</setSpec><setSpec>uge_acar_RapidILL_BOOK</setSpec></header><metadata>
<record xmlns="http://www.loc.gov/MARC21/slim" xmlns:xsi="http://www.w3.org/2001/XMLSchema-instance" xsi:schemaLocation="http://www.loc.gov/MARC21/slim http://www.loc.gov/standards/marcxml/schema/MARC21slim.xsd"><leader>01130ncm a22003137c 4500</leader><controlfield tag="001">991000049329705502</controlfield><controlfield tag="005">20210206202751.0</controlfield><controlfield tag="008">110122s1998    it ||l |            ita d</controlfield><datafield ind1="2" ind2="2" tag="028"><subfield code="a">41688</subfield></datafield><datafield ind1=" " ind2=" " tag="035"><subfield code="a">(swissbib)113562713-41slsp_network</subfield></datafield><datafield ind1=" " ind2=" " tag="035"><subfield code="a">113562713</subfield><subfield code="9">ExL</subfield></datafield><datafield ind1=" " ind2=" " tag="035"><subfield code="a">(RERO)R006021636-41slsp</subfield></datafield><datafield ind1=" " ind2=" " tag="035"><subfield code="a">(EXLNZ-41SLSP_NETWORK)991040689539705501</subfield></datafield><datafield ind1=" " ind2=" " tag="040"><subfield code="a">RERO geulmu</subfield><subfield code="d">CH-ZuSLS</subfield></datafield><datafield ind1=" " ind2="7" tag="072"><subfield code="a">mu</subfield><subfield code="2">rero</subfield></datafield><datafield ind1="1" ind2=" " tag="100"><subfield code="a">Donizetti, Gaetano</subfield><subfield code="d">1797-1848</subfield><subfield code="0">(IDREF)028792297</subfield><subfield code="4">cre</subfield></datafield><datafield ind1="1" ind2="0" tag="245"><subfield code="a">&lt;&lt;L'&gt;&gt;elisir d'amore</subfield><subfield code="c">Gaetano Donizetti : melodramma in due atti di Felice Romani ; nuova edizione riveduta e corretta a cura di Mario Parenti (1960)</subfield></datafield><datafield ind1=" " ind2=" " tag="250"><subfield code="a">2a ed. ristampa</subfield></datafield><datafield ind1=" " ind2="1" tag="264"><subfield code="a">Milano</subfield><subfield code="b">Ricordi</subfield><subfield code="c">1998</subfield></datafield><datafield ind1=" " ind2=" " tag="300"><subfield code="a">1 partition (252 p.)</subfield></datafield><datafield ind1=" " ind2=" " tag="336"><subfield code="b">ntm</subfield><subfield code="2">rdacontent</subfield></datafield><datafield ind1=" " ind2=" " tag="337"><subfield code="b">n</subfield><subfield code="2">rdamedia</subfield></datafield><datafield ind1=" " ind2=" " tag="338"><subfield code="b">nc</subfield><subfield code="2">rdacarrier</subfield></datafield><datafield ind1="0" ind2=" " tag="490"><subfield code="a">Opera vocal score series</subfield></datafield><datafield ind1=" " ind2=" " tag="500"><subfield code="a">Canto e pianoforte</subfield></datafield><datafield ind1=" " ind2=" " tag="500"><subfield code="a">Formation: orchestre symphonique, choeur, solistes vocaux</subfield></datafield><datafield ind1="0" ind2=" " tag="505"><subfield code="a">[L'elisir d'amore]. Réduction</subfield></datafield><datafield ind1="1" ind2=" " tag="700"><subfield code="a">Parenti, Mario</subfield><subfield code="0">(IDREF)119653311</subfield></datafield><datafield ind1="1" ind2=" " tag="700"><subfield code="a">Romani, Felice</subfield><subfield code="d">1788-1865</subfield><subfield code="0">(IDREF)027107299</subfield></datafield><datafield ind1=" " ind2=" " tag="900"><subfield code="a">REROnoselfmerge</subfield></datafield><datafield ind1=" " ind2=" " tag="960"><subfield code="2">matmu</subfield><subfield code="a">Italie ; Opéra ; Romantisme ; XIXe</subfield><subfield code="9">LOCAL</subfield></datafield></record>
</metadata></record>