<record><header><identifier>oai:alma.41SLSP_UGE:991000008759705502</identifier><datestamp>2024-02-29T01:23:38Z</datestamp><setSpec>uge_bcen_RapidILL_BOOK</setSpec><setSpec>uge_aaca_RapidILL_BOOK</setSpec><setSpec>uge_abels_RapidILL_BOOK</setSpec><setSpec>uge_dbu_RapidILL_BOOK</setSpec><setSpec>uge_cmu_RapidILL_BOOK</setSpec><setSpec>uge_mail_RapidILL_BOOK</setSpec><setSpec>uge_abbat_RapidILL_BOOK</setSpec><setSpec>UNIGE_ALL</setSpec><setSpec>uge_aobs_RapidILL_BOOK</setSpec><setSpec>uge_acar_RapidILL_BOOK</setSpec></header><metadata>
<record xmlns="http://www.loc.gov/MARC21/slim" xmlns:xsi="http://www.w3.org/2001/XMLSchema-instance" xsi:schemaLocation="http://www.loc.gov/MARC21/slim http://www.loc.gov/standards/marcxml/schema/MARC21slim.xsd"><leader>02700nam a2200637 c 4500</leader><controlfield tag="001">991000008759705502</controlfield><controlfield tag="005">20230328204637.0</controlfield><controlfield tag="008">201012s2009    gw       ||||u100 u ger|d</controlfield><datafield ind1=" " ind2=" " tag="015"><subfield code="a">GFR-CIP-09,N09,0141</subfield><subfield code="a">DNB-09,A37,0228</subfield></datafield><datafield ind1="7" ind2=" " tag="016"><subfield code="a">992522153</subfield><subfield code="2">GyFmDB</subfield></datafield><datafield ind1=" " ind2=" " tag="020"><subfield code="a">9783579057651</subfield><subfield code="c">GB. : ca. EUR 44.95, ca. EUR 46.30 (AT), ca. sfr 74.90 (freier Pr.)</subfield></datafield><datafield ind1=" " ind2=" " tag="035"><subfield code="a">(swissbib)237288818-41slsp_network</subfield></datafield><datafield ind1=" " ind2=" " tag="035"><subfield code="a">237288818</subfield><subfield code="9">ExL</subfield></datafield><datafield ind1=" " ind2=" " tag="035"><subfield code="a">(NEBIS)005895006EBI01</subfield></datafield><datafield ind1=" " ind2=" " tag="035"><subfield code="a">(RERO)R005133811-41slsp</subfield></datafield><datafield ind1=" " ind2=" " tag="035"><subfield code="a">(IDSBB)004954253DSV01</subfield></datafield><datafield ind1=" " ind2=" " tag="035"><subfield code="a">(EXLNZ-41SLSP_NETWORK)991112342979705501</subfield></datafield><datafield ind1=" " ind2=" " tag="040"><subfield code="a">DDB</subfield><subfield code="d">CH-ZuSLS</subfield></datafield><datafield ind1="0" ind2=" " tag="041"><subfield code="a">ger</subfield><subfield code="a">eng</subfield></datafield><datafield ind1=" " ind2=" " tag="044"><subfield code="a">gw</subfield></datafield><datafield ind1=" " ind2="7" tag="072"><subfield code="a">th</subfield><subfield code="2">rero</subfield></datafield><datafield ind1=" " ind2="7" tag="072"><subfield code="a">th</subfield><subfield code="2">SzZuIDS BS/BE</subfield></datafield><datafield ind1="0" ind2="4" tag="082"><subfield code="a">284.3</subfield><subfield code="2">22</subfield></datafield><datafield ind1=" " ind2=" " tag="084"><subfield code="a">BO 5350</subfield><subfield code="2">rvk</subfield></datafield><datafield ind1=" " ind2=" " tag="084"><subfield code="a">NN 1755</subfield><subfield code="2">rvk</subfield></datafield><datafield ind1=" " ind2=" " tag="084"><subfield code="a">NN 2360</subfield><subfield code="2">rvk</subfield></datafield><datafield ind1="0" ind2="0" tag="245"><subfield code="a">Grenzen des Täufertums</subfield><subfield code="b">= Boundaries of anabaptism : neue Forschungen : Beiträge der Konferenz in Göttingen vom 23.-27.8.2006</subfield><subfield code="c">hrsg. von Anselm Schubert ... [et al.]</subfield></datafield><datafield ind1="1" ind2="1" tag="246"><subfield code="a">Boundaries of anabaptism</subfield></datafield><datafield ind1=" " ind2="1" tag="264"><subfield code="a">[Gütersloh]</subfield><subfield code="b">Gütersloher Verlagshaus</subfield><subfield code="c">2009</subfield></datafield><datafield ind1=" " ind2=" " tag="300"><subfield code="a">428 p.</subfield><subfield code="c">23 cm</subfield></datafield><datafield ind1=" " ind2=" " tag="336"><subfield code="b">txt</subfield><subfield code="2">rdacontent</subfield></datafield><datafield ind1=" " ind2=" " tag="337"><subfield code="b">n</subfield><subfield code="2">rdamedia</subfield></datafield><datafield ind1=" " ind2=" " tag="338"><subfield code="b">nc</subfield><subfield code="2">rdacarrier</subfield></datafield><datafield ind1="1" ind2=" " tag="490"><subfield code="a">Schriften des Vereins für Reformationsgeschichte</subfield><subfield code="v">Band 209</subfield></datafield><datafield ind1=" " ind2=" " tag="500"><subfield code="a">2. Nachwuchstagung des Vereins für Reformationsgeschichte</subfield></datafield><datafield ind1=" " ind2=" " tag="500"><subfield code="a">Beitr. teilw. dt., teilw. engl.</subfield></datafield><datafield ind1=" " ind2=" " tag="500"><subfield code="a">Beiträge vorw. dt., teilw. engl.</subfield></datafield><datafield ind1=" " ind2="7" tag="648"><subfield code="a">Geschichte</subfield><subfield code="2">gnd</subfield></datafield><datafield ind1=" " ind2="7" tag="650"><subfield code="a">Täufer</subfield><subfield code="2">idszbz</subfield></datafield><datafield ind1=" " ind2="7" tag="650"><subfield code="a">Kongress</subfield><subfield code="0">(DE-588)4130470-6</subfield><subfield code="2">gnd</subfield></datafield><datafield ind1=" " ind2="0" tag="650"><subfield code="a">Anabaptists</subfield><subfield code="x">History</subfield><subfield code="v">Congresses</subfield></datafield><datafield ind1=" " ind2="7" tag="650"><subfield code="a">Anabaptistes</subfield><subfield code="0">(IDREF)027269132</subfield><subfield code="2">idref</subfield></datafield><datafield ind1=" " ind2="7" tag="650"><subfield code="a">Täufer</subfield><subfield code="0">(DE-588)4078126-4</subfield><subfield code="2">gnd</subfield></datafield><datafield ind1=" " ind2="7" tag="650"><subfield code="a">Täufer</subfield><subfield code="v">Kongressbericht</subfield><subfield code="2">idsbb</subfield></datafield><datafield ind1=" " ind2="7" tag="650"><subfield code="a">Täufer</subfield><subfield code="x">Forschungsbericht</subfield><subfield code="v">Kongressbericht</subfield><subfield code="2">idsbb</subfield></datafield><datafield ind1=" " ind2="7" tag="655"><subfield code="a">Konferenzschrift</subfield><subfield code="2">gnd-content</subfield></datafield><datafield ind1=" " ind2="7" tag="655"><subfield code="a">[Études diverses]</subfield><subfield code="0">(RERO)A022249905</subfield><subfield code="2">rero</subfield></datafield><datafield ind1=" " ind2="7" tag="655"><subfield code="a">Konferenzschrift</subfield><subfield code="z">Göttingen</subfield><subfield code="y">2006</subfield><subfield code="2">gnd-content</subfield></datafield><datafield ind1=" " ind2=" " tag="690"><subfield code="a">Täufer</subfield><subfield code="2">rzh-UA</subfield></datafield><datafield ind1="1" ind2=" " tag="700"><subfield code="a">Schubert, Anselm</subfield><subfield code="d">1969-</subfield><subfield code="0">(DE-588)123515920</subfield><subfield code="6">880-02</subfield></datafield><datafield ind1="1" ind2=" " tag="880"><subfield code="6">700-02</subfield><subfield code="a">Schubert, Anselm</subfield><subfield code="d">1969-....</subfield><subfield code="0">(IDREF)071045872</subfield></datafield><datafield ind1="2" ind2=" " tag="711"><subfield code="a">Verein für Reformationsgeschichte</subfield><subfield code="g">Deutschland</subfield><subfield code="e">Nachwuchstagung</subfield><subfield code="0">(DE-588)1092393293</subfield></datafield><datafield ind1="4" ind2=" " tag="856"><subfield code="3">Titelblatt und Inhaltsverzeichnis</subfield><subfield code="u">https://toc.library.ethz.ch/objects/pdf/z01_978-3-579-05765-1_01.pdf</subfield><subfield code="q">pdf</subfield></datafield><datafield ind1=" " ind2=" " tag="830"><subfield code="a">Schriften des Vereins für Reformationsgeschichte</subfield><subfield code="v">209</subfield><subfield code="w">(IDSBB)000007380DSV01</subfield></datafield><datafield ind1=" " ind2=" " tag="900"><subfield code="a">IDSZ2zbzmon200911f</subfield><subfield code="c">IDSZ2baeh</subfield><subfield code="d">IDSZ2zbzswk200912b</subfield><subfield code="e">IDSZ2haag</subfield></datafield><datafield ind1=" " ind2=" " tag="900"><subfield code="a">REROnoselfmerge</subfield></datafield><datafield ind1=" " ind2=" " tag="949"><subfield code="a">https://toc.library.ethz.ch/objects/pdf/z01_978-3-579-05765-1_01.pdf</subfield></datafield><datafield ind1=" " ind2=" " tag="993"><subfield code="a">MHR Ra 102</subfield><subfield code="x">ge/mhr-/9286</subfield><subfield code="9">LOCAL</subfield></datafield></record>
</metadata></record>