<record><header><identifier>oai:alma.41SLSP_UGE:991000050059705502</identifier><datestamp>2023-04-08T00:23:10Z</datestamp><setSpec>uge_bcen_RapidILL_BOOK</setSpec><setSpec>uge_aaca_RapidILL_BOOK</setSpec><setSpec>uge_abels_RapidILL_BOOK</setSpec><setSpec>uge_dbu_RapidILL_BOOK</setSpec><setSpec>uge_cmu_RapidILL_BOOK</setSpec><setSpec>uge_mail_RapidILL_BOOK</setSpec><setSpec>uge_abbat_RapidILL_BOOK</setSpec><setSpec>UNIGE_ALL</setSpec><setSpec>uge_acar_RapidILL_BOOK</setSpec><setSpec>uge_aobs_RapidILL_BOOK</setSpec></header><metadata>
<record xmlns="http://www.loc.gov/MARC21/slim" xmlns:xsi="http://www.w3.org/2001/XMLSchema-instance" xsi:schemaLocation="http://www.loc.gov/MARC21/slim http://www.loc.gov/standards/marcxml/schema/MARC21slim.xsd"><leader>01006nam a2200289 c 4500</leader><controlfield tag="001">991000050059705502</controlfield><controlfield tag="005">20230407211154.0</controlfield><controlfield tag="008">960514s1986    xxk||||| |||| 00| ||eng d</controlfield><datafield ind1=" " ind2=" " tag="035"><subfield code="a">(swissbib)091295947-41slsp_network</subfield></datafield><datafield ind1=" " ind2=" " tag="035"><subfield code="a">091295947</subfield><subfield code="9">ExL</subfield></datafield><datafield ind1=" " ind2=" " tag="035"><subfield code="a">(RERO)2201089-41slsp</subfield></datafield><datafield ind1=" " ind2=" " tag="035"><subfield code="a">(EXLNZ-41SLSP_NETWORK)991066917509705501</subfield></datafield><datafield ind1=" " ind2=" " tag="040"><subfield code="a">RERO geussc</subfield><subfield code="d">CH-ZuSLS</subfield></datafield><datafield ind1=" " ind2="7" tag="072"><subfield code="a">ch</subfield><subfield code="2">rero</subfield></datafield><datafield ind1=" " ind2="7" tag="072"><subfield code="a">st</subfield><subfield code="2">rero</subfield></datafield><datafield ind1="0" ind2="0" tag="245"><subfield code="a">Molecular and general organic geochemistry</subfield></datafield><datafield ind1=" " ind2="1" tag="264"><subfield code="a">Oxford</subfield><subfield code="b">Pergamon</subfield><subfield code="c">1986</subfield></datafield><datafield ind1=" " ind2=" " tag="300"><subfield code="a">VI p., p. 649-1142, VII p.</subfield><subfield code="b">ill.</subfield><subfield code="c">28 cm</subfield></datafield><datafield ind1=" " ind2=" " tag="336"><subfield code="b">txt</subfield><subfield code="2">rdacontent</subfield></datafield><datafield ind1=" " ind2=" " tag="337"><subfield code="b">n</subfield><subfield code="2">rdamedia</subfield></datafield><datafield ind1=" " ind2=" " tag="338"><subfield code="b">nc</subfield><subfield code="2">rdacarrier</subfield></datafield><datafield ind1="1" ind2=" " tag="490"><subfield code="a">Advances in organic geochemistry 1985</subfield><subfield code="v">pt. 2</subfield></datafield><datafield ind1="1" ind2=" " tag="490"><subfield code="a">Organic geochemistry</subfield><subfield code="v">vol. 10, no. 4-6</subfield></datafield><datafield ind1=" " ind2="7" tag="650"><subfield code="a">Géochimie organique</subfield><subfield code="0">(IDREF)027278816</subfield><subfield code="2">idref</subfield></datafield><datafield ind1=" " ind2="7" tag="655"><subfield code="a">Actes de congrès</subfield><subfield code="0">(IDREF)02886431X</subfield><subfield code="2">idref</subfield></datafield><datafield ind1=" " ind2=" " tag="830"><subfield code="a">Organic geochemistry</subfield><subfield code="v">10,4-6</subfield><subfield code="w">(RERO)1820192-41slsp</subfield></datafield><datafield ind1=" " ind2=" " tag="830"><subfield code="a">Advances in organic geochemistry 1985</subfield><subfield code="v">2</subfield><subfield code="w">(RERO)2201085-41slsp</subfield></datafield><datafield ind1=" " ind2=" " tag="900"><subfield code="a">REROnoselfmerge</subfield></datafield></record>
</metadata></record>