<record><header><identifier>oai:alma.41SLSP_UGE:991000049439705502</identifier><datestamp>2023-05-23T00:12:36Z</datestamp><setSpec>uge_bcen_RapidILL_BOOK</setSpec><setSpec>uge_aaca_RapidILL_BOOK</setSpec><setSpec>uge_abels_RapidILL_BOOK</setSpec><setSpec>uge_dbu_RapidILL_BOOK</setSpec><setSpec>uge_cmu_RapidILL_BOOK</setSpec><setSpec>uge_mail_RapidILL_BOOK</setSpec><setSpec>uge_abbat_RapidILL_BOOK</setSpec><setSpec>UNIGE_ALL</setSpec><setSpec>uge_aobs_RapidILL_BOOK</setSpec><setSpec>uge_acar_RapidILL_BOOK</setSpec></header><metadata>
<record xmlns="http://www.loc.gov/MARC21/slim" xmlns:xsi="http://www.w3.org/2001/XMLSchema-instance" xsi:schemaLocation="http://www.loc.gov/MARC21/slim http://www.loc.gov/standards/marcxml/schema/MARC21slim.xsd"><leader>05354nam a2200889 c 4500</leader><controlfield tag="001">991000049439705502</controlfield><controlfield tag="005">20230516185648.0</controlfield><controlfield tag="008">201011t20172017mauab    b||| 001 0 eng|c</controlfield><datafield ind1=" " ind2=" " tag="010"><subfield code="a">2017010883</subfield></datafield><datafield ind1=" " ind2=" " tag="020"><subfield code="a">9780674972063</subfield><subfield code="q">hardcover</subfield></datafield><datafield ind1=" " ind2=" " tag="035"><subfield code="a">(swissbib)228137322-41slsp_network</subfield></datafield><datafield ind1=" " ind2=" " tag="035"><subfield code="a">228137322</subfield><subfield code="9">ExL</subfield></datafield><datafield ind1=" " ind2=" " tag="035"><subfield code="a">(NEBIS)011129005EBI01</subfield></datafield><datafield ind1=" " ind2=" " tag="035"><subfield code="a">(IDSBB)006778106DSV01</subfield></datafield><datafield ind1=" " ind2=" " tag="035"><subfield code="a">(RERO)R008634259-41slsp</subfield></datafield><datafield ind1=" " ind2=" " tag="035"><subfield code="a">(OCoLC)982089222</subfield></datafield><datafield ind1=" " ind2=" " tag="035"><subfield code="a">(EXLNZ-41SLSP_NETWORK)991038416219705501</subfield></datafield><datafield ind1=" " ind2=" " tag="040"><subfield code="a">MH/DLC</subfield><subfield code="b">ger</subfield><subfield code="e">rda</subfield><subfield code="d">CH-ZuSLS</subfield></datafield><datafield ind1=" " ind2=" " tag="042"><subfield code="a">pcc</subfield></datafield><datafield ind1=" " ind2=" " tag="043"><subfield code="a">e-ru---</subfield></datafield><datafield ind1="0" ind2="0" tag="050"><subfield code="a">HV7015.15.Z8</subfield><subfield code="b">H37 2017</subfield></datafield><datafield ind1=" " ind2="7" tag="072"><subfield code="a">og</subfield><subfield code="2">SzZuIDS BS/BE</subfield></datafield><datafield ind1=" " ind2="7" tag="072"><subfield code="a">ht</subfield><subfield code="2">rero</subfield></datafield><datafield ind1=" " ind2="7" tag="072"><subfield code="a">dr</subfield><subfield code="2">rero</subfield></datafield><datafield ind1="0" ind2="0" tag="082"><subfield code="a">364.947/2109041</subfield><subfield code="2">23</subfield></datafield><datafield ind1="1" ind2="4" tag="082"><subfield code="a">940</subfield><subfield code="2">15</subfield></datafield><datafield ind1="1" ind2="4" tag="082"><subfield code="a">947</subfield><subfield code="2">15</subfield></datafield><datafield ind1="1" ind2=" " tag="100"><subfield code="a">Hasegawa, Tsuyoshi</subfield><subfield code="d">1941-</subfield><subfield code="0">(DE-588)134038479</subfield><subfield code="e">Verfasser</subfield><subfield code="4">aut</subfield><subfield code="6">880-01</subfield></datafield><datafield ind1="1" ind2=" " tag="880"><subfield code="6">100-01</subfield><subfield code="a">Hasegawa, Tsuyoshi</subfield><subfield code="d">1941-....</subfield><subfield code="0">(IDREF)032253648</subfield><subfield code="4">cre</subfield></datafield><datafield ind1="1" ind2="0" tag="245"><subfield code="a">Crime and punishment in the Russian revolution</subfield><subfield code="b">mob justice and police in Petrograd</subfield><subfield code="c">Tsuyoshi Hasegawa</subfield></datafield><datafield ind1=" " ind2="1" tag="264"><subfield code="a">Cambridge, Massachusetts</subfield><subfield code="b">The Belknap Press of Harvard University Press</subfield><subfield code="c">2017</subfield></datafield><datafield ind1=" " ind2=" " tag="300"><subfield code="a">351 pages</subfield><subfield code="b">maps, table, figures</subfield></datafield><datafield ind1=" " ind2=" " tag="336"><subfield code="b">txt</subfield><subfield code="2">rdacontent</subfield></datafield><datafield ind1=" " ind2=" " tag="337"><subfield code="b">n</subfield><subfield code="2">rdamedia</subfield></datafield><datafield ind1=" " ind2=" " tag="338"><subfield code="b">nc</subfield><subfield code="2">rdacarrier</subfield></datafield><datafield ind1=" " ind2=" " tag="504"><subfield code="a">Includes bibliographical references and index</subfield></datafield><datafield ind1=" " ind2=" " tag="504"><subfield code="a">Bibliography: pages [323]-338</subfield></datafield><datafield ind1=" " ind2=" " tag="520"><subfield code="a">&quot;In a new perspective on the Russian Revolution, Tsuyoshi Hasegawa examines in detail the convulsions of the revolutionary year from March 1917 to March 1918 through the lens of violent crime, police behavior, and the responses of ordinary people in the capital city, St. Petersburg. A frightening rise in crime, especially violent crime, threatened the daily life of ordinary citizens. They often took the law into their own hands, and frequently resorted to mob justice, a reflection of the breakdown of the social fabric as well as the psychological state of people uneasy about or threatened by the changes going on around them. Crime and Punishment in the Russian Revolution examines how the new police power created under the Provisional Government broke down, the nature of the crimes threatening the city, and how people reacted. It then explores how violent crime continued to rise under the Bolshevik regime, and what the Bolsheviks did to control upheaval in the streets. The result is a new way of looking at the nature of Bolshevik power after the October Revolution. The violent explosion of drunken pogroms in November and December 1917 greatly shocked the Bolshevik leadership. Unlike previous works that treat them as a minor episode, this book considers the drunken pogroms the crucial turning point of the Bolsheviks' policy on the maintenance of law and order. The Bolshevik leadership reconstituted the police as a strongly centralized force with power over the local forces and militias, establishing a top-down pattern of control that would continue, even intensify, when the capital was moved to Moscow&quot;--</subfield><subfield code="c">Provided by publisher</subfield></datafield><datafield ind1="2" ind2="7" tag="611"><subfield code="a">Revolution (Saint Petersburg, Russia : 1917-1921)</subfield><subfield code="2">fast</subfield></datafield><datafield ind1=" " ind2="7" tag="648"><subfield code="a">1900-1999</subfield><subfield code="2">fast</subfield></datafield><datafield ind1=" " ind2="7" tag="648"><subfield code="a">Geschichte 1917-1918</subfield><subfield code="2">gnd</subfield></datafield><datafield ind1=" " ind2="7" tag="650"><subfield code="a">Crime</subfield><subfield code="2">fast</subfield></datafield><datafield ind1=" " ind2="7" tag="650"><subfield code="a">Law enforcement</subfield><subfield code="2">fast</subfield></datafield><datafield ind1=" " ind2="7" tag="650"><subfield code="a">Police</subfield><subfield code="2">fast</subfield></datafield><datafield ind1=" " ind2="7" tag="650"><subfield code="a">Gewaltkriminalität</subfield><subfield code="0">(DE-588)4157234-8</subfield><subfield code="2">gnd</subfield></datafield><datafield ind1=" " ind2="7" tag="650"><subfield code="a">Revolution</subfield><subfield code="0">(DE-588)4049680-6</subfield><subfield code="2">gnd</subfield></datafield><datafield ind1=" " ind2="0" tag="650"><subfield code="a">Crime</subfield><subfield code="z">Russia (Federation)</subfield><subfield code="z">Saint Petersburg</subfield><subfield code="x">History</subfield><subfield code="y">20th century</subfield></datafield><datafield ind1=" " ind2="0" tag="650"><subfield code="a">Law enforcement</subfield><subfield code="z">Russia (Federation)</subfield><subfield code="z">Saint Petersburg</subfield><subfield code="x">History</subfield><subfield code="y">20th century</subfield></datafield><datafield ind1=" " ind2="0" tag="650"><subfield code="a">Police</subfield><subfield code="z">Russia (Federation)</subfield><subfield code="z">Saint Petersburg</subfield><subfield code="x">History</subfield><subfield code="y">20th century</subfield></datafield><datafield ind1=" " ind2="7" tag="650"><subfield code="a">Bekämpfung</subfield><subfield code="0">(DE-588)4112701-8</subfield><subfield code="2">gnd</subfield></datafield><datafield ind1=" " ind2="7" tag="650"><subfield code="a">Polizei</subfield><subfield code="0">(DE-588)4046595-0</subfield><subfield code="2">gnd</subfield></datafield><datafield ind1=" " ind2="7" tag="650"><subfield code="a">Verbrechen</subfield><subfield code="0">(DE-588)4062653-2</subfield><subfield code="2">gnd</subfield></datafield><datafield ind1=" " ind2="7" tag="650"><subfield code="a">Gewaltdelikt</subfield><subfield code="0">(DE-588)4157233-6</subfield><subfield code="2">gnd</subfield></datafield><datafield ind1=" " ind2="7" tag="650"><subfield code="a">Mob</subfield><subfield code="0">(DE-588)4170277-3</subfield><subfield code="2">gnd</subfield></datafield><datafield ind1=" " ind2="7" tag="650"><subfield code="a">Lynchjustiz</subfield><subfield code="0">(DE-588)4168383-3</subfield><subfield code="2">gnd</subfield></datafield><datafield ind1=" " ind2="7" tag="650"><subfield code="a">Kriminalität</subfield><subfield code="0">(DE-588)4033178-7</subfield><subfield code="2">gnd</subfield></datafield><datafield ind1=" " ind2="7" tag="650"><subfield code="a">Februarrevolution</subfield><subfield code="g">1917</subfield><subfield code="0">(DE-588)4153812-2</subfield><subfield code="2">gnd</subfield></datafield><datafield ind1=" " ind2="7" tag="650"><subfield code="a">Oktoberrevolution</subfield><subfield code="0">(DE-588)4043429-1</subfield><subfield code="2">gnd</subfield></datafield><datafield ind1=" " ind2="7" tag="650"><subfield code="a">Öffentliche Ordnung</subfield><subfield code="0">(DE-588)4276243-1</subfield><subfield code="2">gnd</subfield></datafield><datafield ind1=" " ind2="7" tag="650"><subfield code="a">Criminalité</subfield><subfield code="0">(IDREF)048655600</subfield><subfield code="2">idref</subfield></datafield><datafield ind1=" " ind2="7" tag="650"><subfield code="a">Justice</subfield><subfield code="0">(IDREF)027262243</subfield><subfield code="2">idref</subfield></datafield><datafield ind1=" " ind2="7" tag="650"><subfield code="a">Police</subfield><subfield code="0">(IDREF)027245144</subfield><subfield code="2">idref</subfield></datafield><datafield ind1=" " ind2="7" tag="650"><subfield code="a">Milice</subfield><subfield code="0">(IDREF)027447170</subfield><subfield code="2">idref</subfield></datafield><datafield ind1=" " ind2="7" tag="650"><subfield code="a">Citadins</subfield><subfield code="0">(IDREF)034674640</subfield><subfield code="2">idref</subfield></datafield><datafield ind1=" " ind2="7" tag="650"><subfield code="a">Ordre public</subfield><subfield code="0">(IDREF)027743225</subfield><subfield code="2">idref</subfield></datafield><datafield ind1=" " ind2="7" tag="650"><subfield code="a">20e siècle (début)</subfield><subfield code="0">(RERO)A022501156</subfield><subfield code="2">rero</subfield></datafield><datafield ind1=" " ind2="7" tag="651"><subfield code="a">Russia (Federation)</subfield><subfield code="2">fast</subfield></datafield><datafield ind1=" " ind2="7" tag="651"><subfield code="a">Russia (Federation)</subfield><subfield code="z">Saint Petersburg</subfield><subfield code="2">fast</subfield></datafield><datafield ind1=" " ind2="0" tag="651"><subfield code="a">Saint Petersburg (Russia)</subfield><subfield code="x">History</subfield><subfield code="y">Revolution, 1917-1921</subfield></datafield><datafield ind1=" " ind2="0" tag="651"><subfield code="a">Russia (Federation)</subfield><subfield code="x">History</subfield><subfield code="y">Revolution, 1917-1921</subfield></datafield><datafield ind1=" " ind2="7" tag="651"><subfield code="a">Sankt Petersburg</subfield><subfield code="0">(DE-588)4267026-3</subfield><subfield code="2">gnd</subfield></datafield><datafield ind1=" " ind2="7" tag="651"><subfield code="a">Saint-Pétersbourg (Russie)</subfield><subfield code="0">(IDREF)027262464</subfield><subfield code="2">idref</subfield></datafield><datafield ind1=" " ind2="7" tag="655"><subfield code="a">History</subfield><subfield code="2">fast</subfield></datafield><datafield ind1=" " ind2="7" tag="651"><subfield code="a">URSS</subfield><subfield code="y">1917-1921 (Révolution)</subfield><subfield code="0">(IDREF)027332535</subfield><subfield code="2">idref</subfield></datafield><datafield ind1="4" ind2=" " tag="856"><subfield code="3">Titelblatt und Inhaltsverzeichnis</subfield><subfield code="u">https://toc.library.ethz.ch/objects/pdf03/z01_978-0-674-97206-3_01.pdf</subfield><subfield code="q">pdf</subfield></datafield><datafield ind1=" " ind2=" " tag="900"><subfield code="a">IDSZ2zbzmon201805f</subfield><subfield code="c">IDSZ2dien</subfield><subfield code="d">IDSZ2zbzswk201805b</subfield><subfield code="e">IDSZ2brue</subfield></datafield><datafield ind1=" " ind2=" " tag="900"><subfield code="a">Stoppsignal FRED</subfield><subfield code="x">22.03.2018</subfield></datafield><datafield ind1=" " ind2=" " tag="949"><subfield code="a">https://toc.library.ethz.ch/objects/pdf03/z01_978-0-674-97206-3_01.pdf</subfield></datafield></record>
</metadata></record>