<record><header><identifier>oai:alma.41SLSP_UGE:991000009279705502</identifier><datestamp>2023-03-01T01:08:47Z</datestamp><setSpec>uge_bcen_RapidILL_BOOK</setSpec><setSpec>uge_aaca_RapidILL_BOOK</setSpec><setSpec>uge_abels_RapidILL_BOOK</setSpec><setSpec>uge_dbu_RapidILL_BOOK</setSpec><setSpec>uge_cmu_RapidILL_BOOK</setSpec><setSpec>uge_mail_RapidILL_BOOK</setSpec><setSpec>UNIGE_ALL</setSpec><setSpec>uge_abbat_RapidILL_BOOK</setSpec><setSpec>uge_acar_RapidILL_BOOK</setSpec><setSpec>uge_aobs_RapidILL_BOOK</setSpec></header><metadata>
<record xmlns="http://www.loc.gov/MARC21/slim" xmlns:xsi="http://www.w3.org/2001/XMLSchema-instance" xsi:schemaLocation="http://www.loc.gov/MARC21/slim http://www.loc.gov/standards/marcxml/schema/MARC21slim.xsd"><leader>02320nam a2200517 c 4500</leader><controlfield tag="001">991000009279705502</controlfield><controlfield tag="005">20230127213454.0</controlfield><controlfield tag="008">201011s1999    fr ||||| |||| 00| ||fre d</controlfield><datafield ind1=" " ind2=" " tag="020"><subfield code="a">2738475744</subfield></datafield><datafield ind1="7" ind2=" " tag="024"><subfield code="a">http://catalogue.bnf.fr/ark:/12148/cb37037226w</subfield><subfield code="2">uri</subfield></datafield><datafield ind1=" " ind2=" " tag="035"><subfield code="a">(swissbib)22252538X-41slsp_network</subfield></datafield><datafield ind1=" " ind2=" " tag="035"><subfield code="a">22252538X</subfield><subfield code="9">ExL</subfield></datafield><datafield ind1=" " ind2=" " tag="035"><subfield code="a">(RERO)R251248060-41slsp</subfield></datafield><datafield ind1=" " ind2=" " tag="035"><subfield code="a">(IDSBB)002042285DSV01</subfield></datafield><datafield ind1=" " ind2=" " tag="035"><subfield code="a">(EXLNZ-41SLSP_NETWORK)991098557199705501</subfield></datafield><datafield ind1=" " ind2=" " tag="040"><subfield code="a">RERO gevimv</subfield><subfield code="d">CH-ZuSLS</subfield></datafield><datafield ind1=" " ind2="7" tag="072"><subfield code="a">ht</subfield><subfield code="2">rero</subfield></datafield><datafield ind1=" " ind2="7" tag="072"><subfield code="a">og</subfield><subfield code="2">SzZuIDS BS/BE</subfield></datafield><datafield ind1=" " ind2="7" tag="072"><subfield code="a">gw</subfield><subfield code="2">SzZuIDS BS/BE</subfield></datafield><datafield ind1="1" ind2="4" tag="082"><subfield code="a">940</subfield><subfield code="2">15</subfield></datafield><datafield ind1="1" ind2=" " tag="100"><subfield code="a">Daškova, Ekaterina Romanovna</subfield><subfield code="d">1743-1810</subfield><subfield code="0">(IDREF)029596815</subfield><subfield code="4">cre</subfield></datafield><datafield ind1="1" ind2="0" tag="245"><subfield code="a">Mon histoire</subfield><subfield code="b">mémoires d'une femme de lettres russe à l'époque des Lumières : suivis des lettres de l'impératrice Catherine II</subfield><subfield code="c">princesse Dachkova ; éd. présentée et annotée par Alexandre Woronzoff-Dashkoff, Catherine Le Gouis, Catherine Woronzoff-Dashkoff ; préf. de Francis Ley</subfield></datafield><datafield ind1=" " ind2="1" tag="264"><subfield code="a">Paris</subfield><subfield code="a">Montréal</subfield><subfield code="b">L'Harmattan</subfield><subfield code="c">1999</subfield></datafield><datafield ind1=" " ind2=" " tag="300"><subfield code="a">333 p.</subfield><subfield code="b">ill.</subfield><subfield code="c">22 cm</subfield></datafield><datafield ind1=" " ind2=" " tag="336"><subfield code="b">txt</subfield><subfield code="2">rdacontent</subfield></datafield><datafield ind1=" " ind2=" " tag="337"><subfield code="b">n</subfield><subfield code="2">rdamedia</subfield></datafield><datafield ind1=" " ind2=" " tag="338"><subfield code="b">nc</subfield><subfield code="2">rdacarrier</subfield></datafield><datafield ind1="1" ind2=" " tag="490"><subfield code="a">Chemins de la mémoire</subfield></datafield><datafield ind1=" " ind2=" " tag="504"><subfield code="a">Bibliogr.: p. 291-295. - Index</subfield></datafield><datafield ind1="0" ind2="7" tag="600"><subfield code="a">Catherine</subfield><subfield code="b">II</subfield><subfield code="c">impératrice de Russie</subfield><subfield code="d">1729-1796</subfield><subfield code="0">(IDREF)029120047</subfield><subfield code="2">idref</subfield></datafield><datafield ind1="1" ind2="7" tag="600"><subfield code="a">Daškova, Ekaterina Romanovna</subfield><subfield code="d">1743-1810</subfield><subfield code="0">(IDREF)029596815</subfield><subfield code="2">idref</subfield></datafield><datafield ind1=" " ind2="7" tag="650"><subfield code="a">18e siècle (2e moitié)</subfield><subfield code="0">(RERO)A023046263</subfield><subfield code="2">rero</subfield></datafield><datafield ind1=" " ind2="7" tag="650"><subfield code="a">Frau</subfield><subfield code="z">Russland</subfield><subfield code="y">Geschichte 18. Jh</subfield><subfield code="v">Memoiren</subfield><subfield code="2">idsbb</subfield></datafield><datafield ind1=" " ind2="7" tag="650"><subfield code="a">Aufklärung (Epoche)</subfield><subfield code="z">Russland</subfield><subfield code="v">Memoiren</subfield><subfield code="2">idsbb</subfield></datafield><datafield ind1=" " ind2="7" tag="650"><subfield code="a">Geistesgeschichte</subfield><subfield code="z">Russland</subfield><subfield code="y">Geschichte 18. Jh</subfield><subfield code="v">Memoiren</subfield><subfield code="2">idsbb</subfield></datafield><datafield ind1=" " ind2="7" tag="651"><subfield code="a">Russie</subfield><subfield code="0">(IDREF)027342395</subfield><subfield code="2">idref</subfield></datafield><datafield ind1=" " ind2="7" tag="655"><subfield code="a">[document]</subfield><subfield code="2">rerovoc</subfield><subfield code="0">(RERO)A010182398</subfield></datafield><datafield ind1=" " ind2="7" tag="655"><subfield code="a">Correspondance</subfield><subfield code="0">(IDREF)027490122</subfield><subfield code="2">idref</subfield></datafield><datafield ind1=" " ind2="7" tag="655"><subfield code="a">Autobiografie</subfield><subfield code="2">gnd-content</subfield></datafield><datafield ind1=" " ind2="7" tag="655"><subfield code="a">Briefsammlung</subfield><subfield code="2">gnd-content</subfield></datafield><datafield ind1="1" ind2=" " tag="700"><subfield code="a">Daškova, Ekaterina R.</subfield><subfield code="d">1743-1810</subfield><subfield code="0">(DE-588)118678914</subfield></datafield><datafield ind1="1" ind2=" " tag="700"><subfield code="a">Woronzoff-Dashkoff, Alexander</subfield></datafield><datafield ind1="0" ind2=" " tag="700"><subfield code="a">Katharina</subfield><subfield code="b">II.</subfield><subfield code="c">Russland, Zarin</subfield><subfield code="d">1729-1796</subfield><subfield code="0">(DE-588)118560565</subfield></datafield><datafield ind1="1" ind2=" " tag="700"><subfield code="a">Voront︠s︡ov-Dashkov, Aleksandr</subfield><subfield code="0">(RERO)A005492260</subfield></datafield><datafield ind1="0" ind2=" " tag="700"><subfield code="a">Catherine</subfield><subfield code="b">II</subfield><subfield code="c">impératrice de Russie</subfield><subfield code="d">1729-1796</subfield><subfield code="0">(IDREF)029120047</subfield></datafield><datafield ind1=" " ind2="0" tag="830"><subfield code="a">Chemins de la mémoire</subfield></datafield><datafield ind1=" " ind2=" " tag="900"><subfield code="a">REROnoselfmerge</subfield></datafield></record>
</metadata></record>