<record><header><identifier>oai:alma.41SLSP_UGE:991000049749705502</identifier><datestamp>2024-10-17T00:10:06Z</datestamp><setSpec>uge_bcen_RapidILL_BOOK</setSpec><setSpec>uge_aaca_RapidILL_BOOK</setSpec><setSpec>uge_abels_RapidILL_BOOK</setSpec><setSpec>uge_dbu_RapidILL_BOOK</setSpec><setSpec>uge_cmu_RapidILL_BOOK</setSpec><setSpec>uge_mail_RapidILL_BOOK</setSpec><setSpec>uge_abbat_RapidILL_BOOK</setSpec><setSpec>UNIGE_ALL</setSpec><setSpec>uge_aobs_RapidILL_BOOK</setSpec><setSpec>uge_acar_RapidILL_BOOK</setSpec></header><metadata>
<record xmlns="http://www.loc.gov/MARC21/slim" xmlns:xsi="http://www.w3.org/2001/XMLSchema-instance" xsi:schemaLocation="http://www.loc.gov/MARC21/slim http://www.loc.gov/standards/marcxml/schema/MARC21slim.xsd"><leader>01393nam a2200349 c 4500</leader><controlfield tag="001">991000049749705502</controlfield><controlfield tag="005">20241016203913.0</controlfield><controlfield tag="008">201011s1988    gw ||||| |||| 00| ||akk d</controlfield><datafield ind1=" " ind2=" " tag="020"><subfield code="a">3786115087</subfield></datafield><datafield ind1=" " ind2=" " tag="035"><subfield code="a">(swissbib)222598220-41slsp_network</subfield></datafield><datafield ind1=" " ind2=" " tag="035"><subfield code="a">222598220</subfield><subfield code="9">ExL</subfield></datafield><datafield ind1=" " ind2=" " tag="035"><subfield code="a">(RERO)1611177-41slsp</subfield></datafield><datafield ind1=" " ind2=" " tag="035"><subfield code="a">(IDSBB)000408379DSV01</subfield></datafield><datafield ind1=" " ind2=" " tag="035"><subfield code="a">(EXLNZ-41SLSP_NETWORK)991155276889705501</subfield></datafield><datafield ind1=" " ind2=" " tag="040"><subfield code="a">RERO gevbpu</subfield><subfield code="d">CH-ZuSLS</subfield></datafield><datafield ind1="0" ind2=" " tag="041"><subfield code="a">akk</subfield><subfield code="a">ger</subfield></datafield><datafield ind1=" " ind2="7" tag="072"><subfield code="a">ar</subfield><subfield code="2">rero</subfield></datafield><datafield ind1=" " ind2="7" tag="072"><subfield code="a">ao</subfield><subfield code="2">SzZuIDS BS/BE</subfield></datafield><datafield ind1="1" ind2="4" tag="082"><subfield code="a">930</subfield><subfield code="2">15</subfield></datafield><datafield ind1="0" ind2="0" tag="245"><subfield code="a">Spätbabylonische Texte aus Uruk</subfield><subfield code="c">[Hrsg.: Deutsches Archäologisches Institut, Abt. Baghdad].</subfield><subfield code="n">Teil 3 / Bearbeitet von Egbert von Weiher</subfield></datafield><datafield ind1=" " ind2="1" tag="264"><subfield code="a">Berlin</subfield><subfield code="b">Mann</subfield><subfield code="a">[später] Mainz</subfield><subfield code="b">Philipp von Zabern</subfield><subfield code="c">[1988]</subfield></datafield><datafield ind1=" " ind2="4" tag="264"><subfield code="c">© 1988</subfield></datafield><datafield ind1=" " ind2=" " tag="300"><subfield code="a">[IX], 341 S.</subfield><subfield code="b">Ill.</subfield><subfield code="c">34 cm</subfield></datafield><datafield ind1=" " ind2=" " tag="336"><subfield code="b">txt</subfield><subfield code="2">rdacontent</subfield></datafield><datafield ind1=" " ind2=" " tag="337"><subfield code="b">n</subfield><subfield code="2">rdamedia</subfield></datafield><datafield ind1=" " ind2=" " tag="338"><subfield code="b">nc</subfield><subfield code="2">rdacarrier</subfield></datafield><datafield ind1="1" ind2=" " tag="490"><subfield code="a">Ausgrabungen der Deutschen Forschungsgemeinschaft in Uruk-Warka</subfield><subfield code="v">Bd. 12</subfield></datafield><datafield ind1="1" ind2=" " tag="490"><subfield code="a">Spätbabylonische Texte aus Uruk</subfield><subfield code="v">Tl. 3</subfield></datafield><datafield ind1="1" ind2=" " tag="700"><subfield code="a">Weiher, Egbert von</subfield><subfield code="0">(IDREF)028505603</subfield></datafield><datafield ind1=" " ind2=" " tag="830"><subfield code="a">Uruk: spätbabylonische Texte aus dem Planquadrat U 18</subfield><subfield code="v">3</subfield><subfield code="w">(IDSBB)000194373DSV01</subfield></datafield><datafield ind1=" " ind2=" " tag="830"><subfield code="a">Ausgrabungen der Deutschen Forschungsgemeinschaft in Uruk-Warka</subfield><subfield code="v">12</subfield><subfield code="w">(IDSBB)000194395DSV01</subfield></datafield><datafield ind1=" " ind2=" " tag="830"><subfield code="a">Ausgrabungen der Deutschen Forschungsgemeinschaft in Uruk-Warka</subfield><subfield code="v">12</subfield><subfield code="w">(RERO)1300665-41slsp</subfield></datafield><datafield ind1=" " ind2=" " tag="900"><subfield code="a">REROnoselfmerge</subfield></datafield></record>
</metadata></record>