<record><header><identifier>oai:alma.41SLSP_UGE:991000049949705502</identifier><datestamp>2023-04-10T00:46:25Z</datestamp><setSpec>uge_bcen_RapidILL_BOOK</setSpec><setSpec>uge_aaca_RapidILL_BOOK</setSpec><setSpec>uge_abels_RapidILL_BOOK</setSpec><setSpec>uge_dbu_RapidILL_BOOK</setSpec><setSpec>uge_cmu_RapidILL_BOOK</setSpec><setSpec>uge_mail_RapidILL_BOOK</setSpec><setSpec>uge_abbat_RapidILL_BOOK</setSpec><setSpec>UNIGE_ALL</setSpec><setSpec>uge_aobs_RapidILL_BOOK</setSpec><setSpec>uge_acar_RapidILL_BOOK</setSpec></header><metadata>
<record xmlns="http://www.loc.gov/MARC21/slim" xmlns:xsi="http://www.w3.org/2001/XMLSchema-instance" xsi:schemaLocation="http://www.loc.gov/MARC21/slim http://www.loc.gov/standards/marcxml/schema/MARC21slim.xsd"><leader>01281nam a22003732c 4500</leader><controlfield tag="001">991000049949705502</controlfield><controlfield tag="005">20230409160256.0</controlfield><controlfield tag="008">141106s2015    it ||||| |||| 10| ||ita d</controlfield><datafield ind1=" " ind2=" " tag="020"><subfield code="a">8867414518</subfield></datafield><datafield ind1=" " ind2=" " tag="020"><subfield code="a">9788867414512</subfield></datafield><datafield ind1=" " ind2=" " tag="035"><subfield code="a">(swissbib)12084642X-41slsp_network</subfield></datafield><datafield ind1=" " ind2=" " tag="035"><subfield code="a">12084642X</subfield><subfield code="9">ExL</subfield></datafield><datafield ind1=" " ind2=" " tag="035"><subfield code="a">(RERO)R007924804-41slsp</subfield></datafield><datafield ind1=" " ind2=" " tag="035"><subfield code="a">(EXLNZ-41SLSP_NETWORK)991071431619705501</subfield></datafield><datafield ind1=" " ind2=" " tag="040"><subfield code="a">C3L</subfield><subfield code="d">CH-ZuSLS</subfield></datafield><datafield ind1="0" ind2=" " tag="041"><subfield code="a">eng</subfield><subfield code="a">ita</subfield></datafield><datafield ind1=" " ind2="4" tag="050"><subfield code="a">B</subfield></datafield><datafield ind1=" " ind2="7" tag="072"><subfield code="a">gr</subfield><subfield code="2">rero</subfield></datafield><datafield ind1="1" ind2="4" tag="082"><subfield code="a">185</subfield><subfield code="2">14</subfield></datafield><datafield ind1="0" ind2="0" tag="245"><subfield code="a">&lt;&lt;La&gt;&gt; &quot;Retorica&quot; di Aristotele e la dottrina delle passioni</subfield><subfield code="c">a cura di Bruno Centrone</subfield></datafield><datafield ind1=" " ind2="1" tag="264"><subfield code="a">Pisa</subfield><subfield code="b">Pisa University Press</subfield><subfield code="c">2015</subfield></datafield><datafield ind1=" " ind2=" " tag="300"><subfield code="a">263 p.</subfield><subfield code="c">24 cm.</subfield></datafield><datafield ind1=" " ind2=" " tag="336"><subfield code="b">txt</subfield><subfield code="2">rdacontent</subfield></datafield><datafield ind1=" " ind2=" " tag="337"><subfield code="b">n</subfield><subfield code="2">rdamedia</subfield></datafield><datafield ind1=" " ind2=" " tag="338"><subfield code="b">nc</subfield><subfield code="2">rdacarrier</subfield></datafield><datafield ind1="1" ind2=" " tag="490"><subfield code="a">Greco, arabo, latino. Studi</subfield><subfield code="v">4</subfield></datafield><datafield ind1=" " ind2=" " tag="500"><subfield code="a">Aristoteles (384-322 a.C.)</subfield></datafield><datafield ind1=" " ind2=" " tag="504"><subfield code="a">Includes bibliographical references.</subfield></datafield><datafield ind1="0" ind2="7" tag="600"><subfield code="a">Aristote</subfield><subfield code="d">0384-0322 av. J.-C.</subfield><subfield code="t">Rhétorique</subfield><subfield code="0">(IDREF)028250087</subfield><subfield code="2">idref</subfield></datafield><datafield ind1=" " ind2="7" tag="650"><subfield code="a">Passions (philosophie)</subfield><subfield code="0">(IDREF)034018948</subfield><subfield code="2">idref</subfield></datafield><datafield ind1=" " ind2="7" tag="655"><subfield code="a">Actes de congrès</subfield><subfield code="0">(IDREF)02886431X</subfield><subfield code="2">idref</subfield></datafield><datafield ind1="1" ind2=" " tag="700"><subfield code="a">Centrone, Bruno</subfield><subfield code="d">1955-....</subfield><subfield code="0">(IDREF)031985165</subfield></datafield><datafield ind1=" " ind2=" " tag="830"><subfield code="a">Greco, arabo, latino</subfield><subfield code="p">Studi</subfield><subfield code="v">4</subfield><subfield code="w">(RERO)R008008527-41slsp</subfield></datafield><datafield ind1=" " ind2=" " tag="900"><subfield code="a">REROnoselfmerge</subfield></datafield><datafield ind1=" " ind2=" " tag="910"><subfield code="a">OCoLC</subfield><subfield code="b">20141106</subfield><subfield code="c">Droits réservés</subfield></datafield></record>
</metadata></record>