<record><header><identifier>oai:alma.41SLSP_UGE:991000008469705502</identifier><datestamp>2023-03-06T01:09:57Z</datestamp><setSpec>uge_bcen_RapidILL_BOOK</setSpec><setSpec>uge_aaca_RapidILL_BOOK</setSpec><setSpec>uge_abels_RapidILL_BOOK</setSpec><setSpec>uge_dbu_RapidILL_BOOK</setSpec><setSpec>uge_cmu_RapidILL_BOOK</setSpec><setSpec>uge_mail_RapidILL_BOOK</setSpec><setSpec>uge_abbat_RapidILL_BOOK</setSpec><setSpec>UNIGE_ALL</setSpec><setSpec>uge_acar_RapidILL_BOOK</setSpec><setSpec>uge_aobs_RapidILL_BOOK</setSpec></header><metadata>
<record xmlns="http://www.loc.gov/MARC21/slim" xmlns:xsi="http://www.w3.org/2001/XMLSchema-instance" xsi:schemaLocation="http://www.loc.gov/MARC21/slim http://www.loc.gov/standards/marcxml/schema/MARC21slim.xsd"><leader>01865nam a22003972c 4500</leader><controlfield tag="001">991000008469705502</controlfield><controlfield tag="005">20230305062456.0</controlfield><controlfield tag="008">140107s2011    ja ||||| |||| 00| ||jpn d</controlfield><datafield ind1=" " ind2=" " tag="020"><subfield code="a">4062920646</subfield></datafield><datafield ind1=" " ind2=" " tag="020"><subfield code="a">9784062920643</subfield></datafield><datafield ind1=" " ind2=" " tag="035"><subfield code="a">(swissbib)118827065-41slsp_network</subfield></datafield><datafield ind1=" " ind2=" " tag="035"><subfield code="a">118827065</subfield><subfield code="9">ExL</subfield></datafield><datafield ind1=" " ind2=" " tag="035"><subfield code="a">(RERO)R007592982-41slsp</subfield></datafield><datafield ind1=" " ind2=" " tag="035"><subfield code="a">(EXLNZ-41SLSP_NETWORK)991102274349705501</subfield></datafield><datafield ind1=" " ind2=" " tag="040"><subfield code="a">TRCLS</subfield><subfield code="d">CH-ZuSLS</subfield></datafield><datafield ind1=" " ind2="7" tag="072"><subfield code="a">or</subfield><subfield code="2">rero</subfield></datafield><datafield ind1="0" ind2="0" tag="245"><subfield code="6">880-01</subfield><subfield code="a">Shiro no Nihon shi</subfield><subfield code="c">Naitō Akira hencho</subfield></datafield><datafield ind1="0" ind2="0" tag="880"><subfield code="6">245-01/$1</subfield><subfield code="a">城の日本史</subfield><subfield code="c">内藤昌編著</subfield></datafield><datafield ind1=" " ind2="1" tag="264"><subfield code="6">880-02</subfield><subfield code="a">Tōkyō</subfield><subfield code="b">Kōdansha</subfield><subfield code="c">2011</subfield></datafield><datafield ind1=" " ind2="1" tag="880"><subfield code="6">264-02/$1</subfield><subfield code="a">東京</subfield><subfield code="b">講談社</subfield><subfield code="c">2011</subfield></datafield><datafield ind1=" " ind2=" " tag="300"><subfield code="a">356 p., [16] p. of plates</subfield><subfield code="b">ill. (some col.)</subfield><subfield code="c">15 cm</subfield></datafield><datafield ind1=" " ind2=" " tag="336"><subfield code="b">txt</subfield><subfield code="2">rdacontent</subfield></datafield><datafield ind1=" " ind2=" " tag="337"><subfield code="b">n</subfield><subfield code="2">rdamedia</subfield></datafield><datafield ind1=" " ind2=" " tag="338"><subfield code="b">nc</subfield><subfield code="2">rdacarrier</subfield></datafield><datafield ind1="1" ind2=" " tag="490"><subfield code="6">880-03</subfield><subfield code="a">Kōdansha gakujutsu bunko</subfield><subfield code="v">2064</subfield></datafield><datafield ind1="0" ind2=" " tag="880"><subfield code="6">490-03/$1</subfield><subfield code="a">講談社学術文庫</subfield><subfield code="v">2064</subfield></datafield><datafield ind1=" " ind2=" " tag="500"><subfield code="a">&quot;Honsho no genpon 'Bijuaru-ban Shiro no Nihon shi' wa 1995-nen ni Kadokawa Shoten yori kankō.&quot; - 角川書店 1995年刊から図版の一部を割愛</subfield></datafield><datafield ind1=" " ind2=" " tag="504"><subfield code="a">Bibliographical references: p. 347-356</subfield></datafield><datafield ind1=" " ind2="7" tag="650"><subfield code="a">Châteaux forts</subfield><subfield code="0">(IDREF)027229823</subfield><subfield code="2">idref</subfield></datafield><datafield ind1=" " ind2="7" tag="650"><subfield code="a">Châteaux</subfield><subfield code="0">(IDREF)027222683</subfield><subfield code="2">idref</subfield></datafield><datafield ind1=" " ind2="7" tag="651"><subfield code="a">Japon</subfield><subfield code="0">(IDREF)027262162</subfield><subfield code="2">idref</subfield></datafield><datafield ind1="1" ind2=" " tag="700"><subfield code="6">880-04</subfield><subfield code="a">Naitō, Akira</subfield><subfield code="d">1932-</subfield><subfield code="0">(RERO)A023997165</subfield><subfield code="4">ctb</subfield></datafield><datafield ind1="1" ind2=" " tag="880"><subfield code="6">700-04/$1</subfield><subfield code="a">内藤昌</subfield><subfield code="d">1932-</subfield></datafield><datafield ind1=" " ind2=" " tag="830"><subfield code="6">880-05</subfield><subfield code="a">Kōdansha gakujutsu bunko</subfield><subfield code="v">2064</subfield><subfield code="w">(RERO)R006043512-41slsp</subfield></datafield><datafield ind1=" " ind2="0" tag="880"><subfield code="6">830-05/$1</subfield><subfield code="a">講談社学術文庫</subfield><subfield code="v">2064</subfield></datafield><datafield ind1=" " ind2=" " tag="900"><subfield code="a">REROnoselfmerge</subfield></datafield><datafield ind1=" " ind2=" " tag="910"><subfield code="a">OCoLC</subfield><subfield code="b">20140107</subfield><subfield code="c">Droits réservés</subfield></datafield></record>
</metadata></record>