<record><header><identifier>oai:alma.41SLSP_UGE:991000008989705502</identifier><datestamp>2023-04-14T00:14:07Z</datestamp><setSpec>uge_bcen_RapidILL_BOOK</setSpec><setSpec>uge_aaca_RapidILL_BOOK</setSpec><setSpec>uge_abels_RapidILL_BOOK</setSpec><setSpec>uge_dbu_RapidILL_BOOK</setSpec><setSpec>uge_cmu_RapidILL_BOOK</setSpec><setSpec>uge_mail_RapidILL_BOOK</setSpec><setSpec>uge_abbat_RapidILL_BOOK</setSpec><setSpec>UNIGE_ALL</setSpec><setSpec>uge_aobs_RapidILL_BOOK</setSpec><setSpec>uge_acar_RapidILL_BOOK</setSpec></header><metadata>
<record xmlns="http://www.loc.gov/MARC21/slim" xmlns:xsi="http://www.w3.org/2001/XMLSchema-instance" xsi:schemaLocation="http://www.loc.gov/MARC21/slim http://www.loc.gov/standards/marcxml/schema/MARC21slim.xsd"><leader>01948nam a2200445 c 4500</leader><controlfield tag="001">991000008989705502</controlfield><controlfield tag="005">20230413195306.0</controlfield><controlfield tag="008">201011s1972    fr ||||| |||| 00| ||fre d</controlfield><datafield ind1=" " ind2=" " tag="035"><subfield code="a">(swissbib)220148805-41slsp_network</subfield></datafield><datafield ind1=" " ind2=" " tag="035"><subfield code="a">220148805</subfield><subfield code="9">ExL</subfield></datafield><datafield ind1=" " ind2=" " tag="035"><subfield code="a">(RERO)0019990-41slsp</subfield></datafield><datafield ind1=" " ind2=" " tag="035"><subfield code="a">(IDSSG)000325453HSB01</subfield></datafield><datafield ind1=" " ind2=" " tag="035"><subfield code="a">(IDSLU)000606455ILU01</subfield></datafield><datafield ind1=" " ind2=" " tag="035"><subfield code="a">(EXLNZ-41SLSP_NETWORK)991023120299705501</subfield></datafield><datafield ind1=" " ind2=" " tag="040"><subfield code="a">RERO</subfield><subfield code="d">CH-ZuSLS</subfield></datafield><datafield ind1=" " ind2="7" tag="072"><subfield code="a">di</subfield><subfield code="2">rero</subfield></datafield><datafield ind1="0" ind2="0" tag="245"><subfield code="a">Anthologie de la nouvelle poésie nègre et malgache de langue française</subfield><subfield code="c">Léopold Sédar Senghor. : Précédée de Orphée noir / par Jean-Paul Sartre</subfield></datafield><datafield ind1=" " ind2=" " tag="250"><subfield code="a">[3e éd.]</subfield></datafield><datafield ind1=" " ind2="1" tag="264"><subfield code="a">Paris</subfield><subfield code="b">Presses univ. de France</subfield><subfield code="c">1972</subfield></datafield><datafield ind1=" " ind2=" " tag="300"><subfield code="a">XLIV, 227 p.</subfield><subfield code="c">22 cm</subfield></datafield><datafield ind1=" " ind2=" " tag="336"><subfield code="b">txt</subfield><subfield code="2">rdacontent</subfield></datafield><datafield ind1=" " ind2=" " tag="337"><subfield code="b">n</subfield><subfield code="2">rdamedia</subfield></datafield><datafield ind1=" " ind2=" " tag="338"><subfield code="b">nc</subfield><subfield code="2">rdacarrier</subfield></datafield><datafield ind1="1" ind2=" " tag="490"><subfield code="a">Pays d'Outre-mer. Série 5, Art et littérature</subfield><subfield code="v">1</subfield></datafield><datafield ind1=" " ind2="7" tag="650"><subfield code="a">Poésie africaine de langue française</subfield><subfield code="0">(IDREF)027334538</subfield><subfield code="2">idref</subfield></datafield><datafield ind1=" " ind2="7" tag="650"><subfield code="a">Poésie antillaise de langue française</subfield><subfield code="0">(IDREF)027431266</subfield><subfield code="2">idref</subfield></datafield><datafield ind1=" " ind2="7" tag="650"><subfield code="a">Poésie malgache de langue française</subfield><subfield code="0">(IDREF)032416768</subfield><subfield code="2">idref</subfield></datafield><datafield ind1=" " ind2="7" tag="650"><subfield code="a">Poésie malgache</subfield><subfield code="0">(IDREF)027565947</subfield><subfield code="2">idref</subfield></datafield><datafield ind1=" " ind2="7" tag="650"><subfield code="a">Poésie africaine d'expression française</subfield><subfield code="0">(RERO)A027725772</subfield><subfield code="2">rero</subfield></datafield><datafield ind1=" " ind2="7" tag="650"><subfield code="a">Poésie antillaise d'expression française</subfield><subfield code="0">(RERO)A027725773</subfield><subfield code="2">rero</subfield></datafield><datafield ind1=" " ind2="7" tag="651"><subfield code="a">Guyane</subfield><subfield code="0">(IDREF)027267873</subfield><subfield code="2">idref</subfield></datafield><datafield ind1=" " ind2="7" tag="651"><subfield code="a">Afrique subsaharienne</subfield><subfield code="0">(IDREF)027218570</subfield><subfield code="2">idref</subfield></datafield><datafield ind1=" " ind2="7" tag="655"><subfield code="a">Anthologies</subfield><subfield code="0">(IDREF)027269493</subfield><subfield code="2">idref</subfield></datafield><datafield ind1=" " ind2=" " tag="690"><subfield code="a">Anthologien, B: französische Negerdichtung. 20. Jh.</subfield><subfield code="2">rzs-L1</subfield></datafield><datafield ind1="1" ind2=" " tag="700"><subfield code="a">Borko, Harold</subfield><subfield code="0">(DE-588)187489815</subfield></datafield><datafield ind1="1" ind2=" " tag="700"><subfield code="a">Senghor, Léopold Sédar</subfield><subfield code="d">1906-2001</subfield><subfield code="0">(IDREF)027132234</subfield></datafield><datafield ind1="1" ind2=" " tag="700"><subfield code="a">Sartre, Jean-Paul</subfield><subfield code="d">1905-1980</subfield><subfield code="0">(DE-588)11860564X</subfield><subfield code="6">880-03</subfield></datafield><datafield ind1="1" ind2=" " tag="880"><subfield code="6">700-03</subfield><subfield code="a">Sartre, Jean-Paul</subfield><subfield code="d">1905-1980</subfield><subfield code="0">(IDREF)027123227</subfield></datafield><datafield ind1="0" ind2="2" tag="740"><subfield code="a">Orphée noir</subfield></datafield><datafield ind1=" " ind2=" " tag="830"><subfield code="a">Pays d'Outre-Mer</subfield><subfield code="p">Série 5, Art et littérature</subfield><subfield code="v">1</subfield><subfield code="w">(RERO)0019989-41slsp</subfield></datafield><datafield ind1=" " ind2=" " tag="900"><subfield code="a">REROnoselfmerge</subfield></datafield></record>
</metadata></record>