<record><header><identifier>oai:alma.41SLSP_UGE:991000009089705502</identifier><datestamp>2024-07-06T00:07:50Z</datestamp><setSpec>uge_bcen_RapidILL_BOOK</setSpec><setSpec>uge_aaca_RapidILL_BOOK</setSpec><setSpec>uge_abels_RapidILL_BOOK</setSpec><setSpec>uge_dbu_RapidILL_BOOK</setSpec><setSpec>uge_cmu_RapidILL_BOOK</setSpec><setSpec>uge_mail_RapidILL_BOOK</setSpec><setSpec>uge_abbat_RapidILL_BOOK</setSpec><setSpec>UNIGE_ALL</setSpec><setSpec>uge_aobs_RapidILL_BOOK</setSpec><setSpec>uge_acar_RapidILL_BOOK</setSpec></header><metadata>
<record xmlns="http://www.loc.gov/MARC21/slim" xmlns:xsi="http://www.w3.org/2001/XMLSchema-instance" xsi:schemaLocation="http://www.loc.gov/MARC21/slim http://www.loc.gov/standards/marcxml/schema/MARC21slim.xsd"><leader>02328nam a2200397 c 4500</leader><controlfield tag="001">991000009089705502</controlfield><controlfield tag="005">20230224182147.0</controlfield><controlfield tag="008">121204s2012    fr ||||| |||| 00| ||fre d</controlfield><datafield ind1=" " ind2=" " tag="020"><subfield code="a">9782130607700</subfield></datafield><datafield ind1=" " ind2=" " tag="035"><subfield code="a">(swissbib)116737700-41slsp_network</subfield></datafield><datafield ind1=" " ind2=" " tag="035"><subfield code="a">116737700</subfield><subfield code="9">ExL</subfield></datafield><datafield ind1=" " ind2=" " tag="035"><subfield code="a">(RERO)R007197321-41slsp</subfield></datafield><datafield ind1=" " ind2=" " tag="035"><subfield code="a">(EXLNZ-41SLSP_NETWORK)991095057479705501</subfield></datafield><datafield ind1=" " ind2=" " tag="040"><subfield code="a">RERO labcur</subfield><subfield code="d">CH-ZuSLS</subfield></datafield><datafield ind1=" " ind2="7" tag="072"><subfield code="a">ph</subfield><subfield code="2">rero</subfield></datafield><datafield ind1=" " ind2="7" tag="072"><subfield code="a">me</subfield><subfield code="2">rero</subfield></datafield><datafield ind1="1" ind2=" " tag="100"><subfield code="a">Aumonier, Nicolas</subfield><subfield code="c">philosophe</subfield><subfield code="d">19..-....</subfield><subfield code="0">(IDREF)058503897</subfield><subfield code="4">cre</subfield></datafield><datafield ind1="1" ind2="0" tag="245"><subfield code="a">&lt;&lt;L'&gt;&gt;euthanasie</subfield><subfield code="c">Nicolas Aumonier, Bernard Beignier, Philippe Letellier</subfield></datafield><datafield ind1=" " ind2=" " tag="250"><subfield code="a">6e éd. mise à jour</subfield></datafield><datafield ind1=" " ind2="1" tag="264"><subfield code="a">Paris</subfield><subfield code="b">Presses universitaires de France</subfield><subfield code="c">2012</subfield></datafield><datafield ind1=" " ind2=" " tag="300"><subfield code="a">127 p.</subfield></datafield><datafield ind1=" " ind2=" " tag="336"><subfield code="b">txt</subfield><subfield code="2">rdacontent</subfield></datafield><datafield ind1=" " ind2=" " tag="337"><subfield code="b">n</subfield><subfield code="2">rdamedia</subfield></datafield><datafield ind1=" " ind2=" " tag="338"><subfield code="b">nc</subfield><subfield code="2">rdacarrier</subfield></datafield><datafield ind1="1" ind2=" " tag="490"><subfield code="a">Que sais-je? : le point des connaissances actuelles</subfield><subfield code="v">3595</subfield></datafield><datafield ind1="0" ind2=" " tag="505"><subfield code="a">[Table des matières] 1. Le contexte médical actuel - 2. La demande d'euthanasie - 3. Les soins palliatifs - 4. Histoire et définition d'un mot - 5. Le point de vue des autorités religieuses et morales - 6. Les conflits conceptuels - 7. Législations étrangères [Etats-Unis, Grande-Bretagne, Suisse, etc.] - 8. L'euthanasie au regard du droit français - 9. Le droit de la fin de vie</subfield></datafield><datafield ind1="8" ind2=" " tag="520"><subfield code="a">Dans certaines circonstances et sous certaines conditions, on peut être amené à préférer la mort à la vie. Telle est la position qui &quot;justifie&quot; l'euthanasie. Elle heurte donc de front la déontologie médicale pour qui &quot;le médecin doit s'efforcer d'apaiser les souffrances du malade. Il n'a pas le droit d'en provoquer délibéremment la mort.&quot; Cet ouvrage fait le tour d'une question aujourd'hui très controversée, et que les progrès médicaux rendent plus vive encore. Il étudie l'histoire, le droit, les problèmes éthiques et philosophiques soulevés par ce douloureux débat.</subfield></datafield><datafield ind1=" " ind2="7" tag="650"><subfield code="a">Euthanasie</subfield><subfield code="0">(IDREF)027594912</subfield><subfield code="2">idref</subfield></datafield><datafield ind1=" " ind2="7" tag="650"><subfield code="a">Éthique médicale</subfield><subfield code="0">(IDREF)02723911X</subfield><subfield code="2">idref</subfield></datafield><datafield ind1=" " ind2="2" tag="650"><subfield code="a">Euthanasia</subfield></datafield><datafield ind1=" " ind2="2" tag="650"><subfield code="a">Euthanasia</subfield><subfield code="x">ethics</subfield></datafield><datafield ind1=" " ind2="2" tag="650"><subfield code="a">Euthanasia</subfield><subfield code="x">legislation &amp; jurisprudence</subfield></datafield><datafield ind1=" " ind2="2" tag="650"><subfield code="a">Ethics, Medical</subfield></datafield><datafield ind1="1" ind2=" " tag="700"><subfield code="a">Beignier, Bernard</subfield><subfield code="c">juriste</subfield><subfield code="d">1958-....</subfield><subfield code="0">(IDREF)029309107</subfield></datafield><datafield ind1="1" ind2=" " tag="700"><subfield code="a">Letellier, Philippe</subfield><subfield code="0">(IDREF)058503854</subfield></datafield><datafield ind1=" " ind2="0" tag="830"><subfield code="a">Que sais-je? : le point des connaissances actuelles</subfield><subfield code="v">3595</subfield></datafield><datafield ind1=" " ind2=" " tag="900"><subfield code="a">REROnoselfmerge</subfield></datafield></record>
</metadata></record>