<record><header><identifier>oai:alma.41SLSP_UGE:991000008359705502</identifier><datestamp>2024-11-08T01:12:08Z</datestamp><setSpec>uge_bcen_RapidILL_BOOK</setSpec><setSpec>uge_aaca_RapidILL_BOOK</setSpec><setSpec>uge_abels_RapidILL_BOOK</setSpec><setSpec>uge_dbu_RapidILL_BOOK</setSpec><setSpec>uge_cmu_RapidILL_BOOK</setSpec><setSpec>uge_mail_RapidILL_BOOK</setSpec><setSpec>uge_abbat_RapidILL_BOOK</setSpec><setSpec>UNIGE_ALL</setSpec><setSpec>uge_aobs_RapidILL_BOOK</setSpec><setSpec>uge_acar_RapidILL_BOOK</setSpec></header><metadata>
<record xmlns="http://www.loc.gov/MARC21/slim" xmlns:xsi="http://www.w3.org/2001/XMLSchema-instance" xsi:schemaLocation="http://www.loc.gov/MARC21/slim http://www.loc.gov/standards/marcxml/schema/MARC21slim.xsd"><leader>04911nam a2200937 c 4500</leader><controlfield tag="001">991000008359705502</controlfield><controlfield tag="005">20220917075037.0</controlfield><controlfield tag="008">201011s2020    gw |||||      00| ||ger| </controlfield><datafield ind1=" " ind2=" " tag="015"><subfield code="a">20,A33</subfield><subfield code="z">19,N01</subfield><subfield code="2">dnb</subfield></datafield><datafield ind1="7" ind2=" " tag="016"><subfield code="a">117381633X</subfield><subfield code="2">DE-101</subfield></datafield><datafield ind1=" " ind2=" " tag="020"><subfield code="a">3496015977</subfield></datafield><datafield ind1=" " ind2=" " tag="020"><subfield code="a">9783496015970</subfield><subfield code="q">Festeinband</subfield><subfield code="c">circa EUR 29.90 (DE), circa EUR 30.80 (AT)</subfield></datafield><datafield ind1="3" ind2=" " tag="024"><subfield code="a">9783496015970</subfield></datafield><datafield ind1="5" ind2="2" tag="028"><subfield code="a">Bestellnummer: 101597</subfield></datafield><datafield ind1=" " ind2=" " tag="035"><subfield code="a">(swissbib)225033623-41slsp_network</subfield></datafield><datafield ind1=" " ind2=" " tag="035"><subfield code="a">225033623</subfield><subfield code="9">ExL</subfield></datafield><datafield ind1=" " ind2=" " tag="035"><subfield code="a">(IDSLU)001406310ILU01</subfield></datafield><datafield ind1=" " ind2=" " tag="035"><subfield code="a">(NEBIS)011556651EBI01</subfield></datafield><datafield ind1=" " ind2=" " tag="035"><subfield code="a">(IDSBB)007062480DSV01</subfield></datafield><datafield ind1=" " ind2=" " tag="035"><subfield code="a">(RERO)R009016466-41slsp</subfield></datafield><datafield ind1=" " ind2=" " tag="035"><subfield code="a">(DE-599)DNB117381633X</subfield></datafield><datafield ind1=" " ind2=" " tag="035"><subfield code="a">(OCoLC)1081384195</subfield></datafield><datafield ind1=" " ind2=" " tag="035"><subfield code="a">(EXLNZ-41SLSP_NETWORK)991154036479705501</subfield></datafield><datafield ind1=" " ind2=" " tag="040"><subfield code="a">1145</subfield><subfield code="b">ger</subfield><subfield code="e">rda</subfield><subfield code="d">CH-ZuSLS</subfield></datafield><datafield ind1="0" ind2=" " tag="041"><subfield code="a">ger</subfield></datafield><datafield ind1=" " ind2=" " tag="044"><subfield code="c">XA-DE-BE</subfield></datafield><datafield ind1=" " ind2="7" tag="072"><subfield code="a">450</subfield><subfield code="2">IDS LU</subfield></datafield><datafield ind1=" " ind2="7" tag="072"><subfield code="a">460</subfield><subfield code="2">IDS LU</subfield></datafield><datafield ind1=" " ind2="7" tag="072"><subfield code="a">ar</subfield><subfield code="2">SzZuIDS BS/BE</subfield></datafield><datafield ind1=" " ind2="7" tag="072"><subfield code="a">ar</subfield><subfield code="2">rero</subfield></datafield><datafield ind1=" " ind2="7" tag="072"><subfield code="a">at</subfield><subfield code="2">rero</subfield></datafield><datafield ind1="1" ind2=" " tag="080"><subfield code="a">904(392)</subfield></datafield><datafield ind1="0" ind2="4" tag="082"><subfield code="a">726.1093923</subfield><subfield code="2">23/ger</subfield><subfield code="q">DE-101</subfield></datafield><datafield ind1="1" ind2="4" tag="082"><subfield code="a">930</subfield><subfield code="2">15</subfield></datafield><datafield ind1="1" ind2="4" tag="082"><subfield code="a">720</subfield><subfield code="2">15</subfield></datafield><datafield ind1="7" ind2="4" tag="082"><subfield code="a">720</subfield><subfield code="2">23sdnb</subfield></datafield><datafield ind1=" " ind2=" " tag="084"><subfield code="a">LF 4930</subfield><subfield code="2">rvk</subfield></datafield><datafield ind1=" " ind2=" " tag="084"><subfield code="a">720</subfield><subfield code="2">sdnb</subfield></datafield><datafield ind1=" " ind2=" " tag="084"><subfield code="a">NH 6730</subfield><subfield code="2">rvk</subfield></datafield><datafield ind1="1" ind2=" " tag="100"><subfield code="a">Haselberger, Lothar</subfield><subfield code="6">880-01</subfield><subfield code="0">(DE-588)1072389576</subfield><subfield code="e">Verfasser</subfield><subfield code="4">aut</subfield></datafield><datafield ind1="1" ind2=" " tag="880"><subfield code="6">100-01</subfield><subfield code="a">Haselberger, Lothar</subfield><subfield code="0">(IDREF)071516840</subfield><subfield code="4">aut</subfield></datafield><datafield ind1="1" ind2="0" tag="245"><subfield code="a">&lt;&lt;Der&gt;&gt; Pergamon-Altar und der Architekt Hermogenes</subfield><subfield code="b">Schatten, Raum und Wahrnehmung</subfield><subfield code="c">Lothar Haselberger</subfield></datafield><datafield ind1=" " ind2="1" tag="264"><subfield code="a">Berlin</subfield><subfield code="b">Reimer</subfield><subfield code="c">[2020]</subfield></datafield><datafield ind1=" " ind2="4" tag="264"><subfield code="c">© 2020</subfield></datafield><datafield ind1=" " ind2=" " tag="300"><subfield code="a">320 Seiten</subfield><subfield code="b">128 Illustrationen, 1 Karte, Pläne</subfield></datafield><datafield ind1=" " ind2=" " tag="336"><subfield code="b">txt</subfield><subfield code="2">rdacontent</subfield></datafield><datafield ind1=" " ind2=" " tag="337"><subfield code="b">n</subfield><subfield code="2">rdamedia</subfield></datafield><datafield ind1=" " ind2=" " tag="338"><subfield code="b">nc</subfield><subfield code="2">rdacarrier</subfield></datafield><datafield ind1=" " ind2=" " tag="500"><subfield code="a">Der Grosse Altar von Pergamon ist namengebendes Glanzstück des Pergamonmuseums. Und dort ist auch ein 16 Meter hohes Säulenpaar des Artemistempels von Magnesia zu sehen, Hauptwerk des Hermogenes, des berühmtesten Architekten seiner Zeit. Beide Bauten werden im Museum seit gut einem Jahrhundert als grandios rekonstruierte Monumente gezeigt, in objektiver, fast schattenloser Präsentation. Licht-, Schatten- und Raumeffekte mit ihrer Wirkung auf den Betrachter sind aber zentral für das künstlerische Schaffen sowohl des Hermogenes als auch der Meister des Pergamonaltars, wie Haselberger nachweisen kann. Dieses Buch bietet die Möglichkeit, den Pergamonaltar neu zu überdenken, so lange er der Sichtbarkeit entzogen ist</subfield></datafield><datafield ind1="0" ind2="7" tag="600"><subfield code="a">Hermogenes</subfield><subfield code="c">Architekt</subfield><subfield code="d">ca. 2. Hälfte v2. Jh.</subfield><subfield code="0">(DE-588)118939424</subfield><subfield code="2">gnd</subfield></datafield><datafield ind1="0" ind2="7" tag="600"><subfield code="a">Hermogène</subfield><subfield code="c">(architecte)</subfield><subfield code="0">(RERO)A010094981</subfield><subfield code="2">rero</subfield></datafield><datafield ind1="2" ind2="7" tag="610"><subfield code="a">Staatliche Museen zu Berlin</subfield><subfield code="b">Antikensammlung</subfield><subfield code="0">(DE-588)5035657-4</subfield><subfield code="2">gnd</subfield></datafield><datafield ind1="2" ind2="7" tag="610"><subfield code="a">Staatliche Museen</subfield><subfield code="g">Berlin</subfield><subfield code="b">Antikensammlung</subfield><subfield code="0">(IDREF)03241904X</subfield><subfield code="2">idref</subfield></datafield><datafield ind1=" " ind2="7" tag="648"><subfield code="a">Geschichte</subfield><subfield code="2">gnd</subfield></datafield><datafield ind1=" " ind2="7" tag="650"><subfield code="a">Bauforschung</subfield><subfield code="0">(DE-588)4144149-7</subfield><subfield code="2">gnd</subfield></datafield><datafield ind1=" " ind2="7" tag="650"><subfield code="a">Präsentation</subfield><subfield code="0">(DE-588)4135231-2</subfield><subfield code="2">gnd</subfield></datafield><datafield ind1=" " ind2="7" tag="650"><subfield code="a">Rezeptionsästhetik</subfield><subfield code="0">(DE-588)4129895-0</subfield><subfield code="2">gnd</subfield></datafield><datafield ind1=" " ind2="7" tag="650"><subfield code="a">Säule</subfield><subfield code="0">(DE-588)4178902-7</subfield><subfield code="2">gnd</subfield></datafield><datafield ind1=" " ind2="7" tag="650"><subfield code="a">ARCHITEKTURGESCHICHTE</subfield><subfield code="9">ger</subfield><subfield code="0">(ETHUDK)000041179</subfield><subfield code="2">ethudk</subfield></datafield><datafield ind1=" " ind2="7" tag="650"><subfield code="a">ARCHITEKTURTHEORIE + ARCHITEKTURÄSTHETIK</subfield><subfield code="9">ger</subfield><subfield code="0">(ETHUDK)000035455</subfield><subfield code="2">ethudk</subfield></datafield><datafield ind1=" " ind2="7" tag="650"><subfield code="a">ARCHÄOLOGISCHE MUSEEN + ARCHÄOLOGISCHE SAMMLUNGEN</subfield><subfield code="9">ger</subfield><subfield code="0">(ETHUDK)000042990</subfield><subfield code="2">ethudk</subfield></datafield><datafield ind1=" " ind2="7" tag="650"><subfield code="a">GESCHICHTE DER ARCHÄOLOGIE</subfield><subfield code="9">ger</subfield><subfield code="0">(ETHUDK)000041826</subfield><subfield code="2">ethudk</subfield></datafield><datafield ind1=" " ind2="7" tag="650"><subfield code="a">GRIECHISCHE ARCHAEOLOGIE</subfield><subfield code="9">ger</subfield><subfield code="0">(ETHUDK)000043789</subfield><subfield code="2">ethudk</subfield></datafield><datafield ind1=" " ind2="7" tag="650"><subfield code="a">GRIECHISCHE TEMPEL UND HEILIGTÜMER (ARCHITEKTUR)</subfield><subfield code="9">ger</subfield><subfield code="0">(ETHUDK)000048518</subfield><subfield code="2">ethudk</subfield></datafield><datafield ind1=" " ind2="7" tag="650"><subfield code="a">KLASSISCHE GRIECHISCHE ARCHITEKTUR</subfield><subfield code="9">ger</subfield><subfield code="0">(ETHUDK)000035484</subfield><subfield code="2">ethudk</subfield></datafield><datafield ind1=" " ind2="7" tag="650"><subfield code="a">LICHT (ARCHITEKTUR)</subfield><subfield code="9">ger</subfield><subfield code="0">(ETHUDK)000050054</subfield><subfield code="2">ethudk</subfield></datafield><datafield ind1=" " ind2="7" tag="650"><subfield code="a">OPTISCHE WIRKUNG, PERSPEKTIVE (ARCHITEKTUR)</subfield><subfield code="9">ger</subfield><subfield code="0">(ETHUDK)000035464</subfield><subfield code="2">ethudk</subfield></datafield><datafield ind1=" " ind2="7" tag="650"><subfield code="a">PERSPEKTIVKONSTRUKTIONEN + SCHATTENTHEORIE (DARSTELLENDE GEOMETRIE)</subfield><subfield code="9">ger</subfield><subfield code="0">(ETHUDK)000012917</subfield><subfield code="2">ethudk</subfield></datafield><datafield ind1=" " ind2="7" tag="650"><subfield code="a">RAUMWAHRNEHMUNG (SINNESPHYSIOLOGIE)</subfield><subfield code="9">ger</subfield><subfield code="0">(ETHUDK)000026374</subfield><subfield code="2">ethudk</subfield></datafield><datafield ind1=" " ind2="7" tag="650"><subfield code="a">WAHRNEHMUNG UND EMPFINDUNG VON RAUM UND AUSDEHNUNG (PSYCHOLOGIE)</subfield><subfield code="9">ger</subfield><subfield code="0">(ETHUDK)000009541</subfield><subfield code="2">ethudk</subfield></datafield><datafield ind1=" " ind2="7" tag="650"><subfield code="a">Altar</subfield><subfield code="0">(DE-588)4001381-9</subfield><subfield code="2">gnd</subfield></datafield><datafield ind1=" " ind2="7" tag="650"><subfield code="a">Hellenismus</subfield><subfield code="0">(DE-588)4024313-8</subfield><subfield code="2">gnd</subfield></datafield><datafield ind1=" " ind2="7" tag="650"><subfield code="a">Schatten</subfield><subfield code="0">(DE-588)4052097-3</subfield><subfield code="2">gnd</subfield></datafield><datafield ind1=" " ind2="7" tag="651"><subfield code="a">Artemistempel von Magnesia</subfield><subfield code="g">Magnesia, Mäander</subfield><subfield code="0">(DE-588)7729852-4</subfield><subfield code="2">gnd</subfield></datafield><datafield ind1=" " ind2="7" tag="651"><subfield code="a">Pergamonaltar</subfield><subfield code="0">(DE-588)4131001-9</subfield><subfield code="2">gnd</subfield></datafield><datafield ind1=" " ind2="7" tag="651"><subfield code="a">Magnésie du Méandre (Turquie) - Artémision</subfield><subfield code="0">(RERO)A010111893</subfield><subfield code="2">rero</subfield></datafield><datafield ind1=" " ind2="7" tag="651"><subfield code="a">Pergame (ville ancienne)</subfield><subfield code="x">Autel de Zeus</subfield><subfield code="0">(IDREF)03104428X</subfield><subfield code="2">idref</subfield></datafield><datafield ind1="4" ind2=" " tag="856"><subfield code="3">Titelblatt und Inhaltsverzeichnis</subfield><subfield code="u">https://toc.library.ethz.ch/objects/pdf03/z01_978-3-496-01597-0_01.pdf</subfield><subfield code="q">pdf</subfield></datafield><datafield ind1=" " ind2=" " tag="900"><subfield code="a">IDSZ2zbzmon202006l</subfield><subfield code="c">IDSZ2beer</subfield><subfield code="d">IDSZ2zbzswk202007g</subfield><subfield code="e">IDSZ2schl</subfield></datafield><datafield ind1=" " ind2=" " tag="900"><subfield code="a">IDSDSStoppsignal FRED</subfield></datafield><datafield ind1=" " ind2=" " tag="900"><subfield code="a">REROnoselfmerge</subfield></datafield><datafield ind1=" " ind2=" " tag="949"><subfield code="a">https://toc.library.ethz.ch/objects/pdf03/z01_978-3-496-01597-0_01.pdf</subfield></datafield></record>
</metadata></record>