<record><header><identifier>oai:alma.41SLSP_UGE:991000050159705502</identifier><datestamp>2023-03-01T01:08:47Z</datestamp><setSpec>uge_cmu_RapidILL_JOURNAL</setSpec><setSpec>uge_aobs_RapidILL_JOURNAL</setSpec><setSpec>uge_aaca_RapidILL_JOURNAL</setSpec><setSpec>uge_abbat_RapidILL_JOURNAL</setSpec><setSpec>uge_bcen_RapidILL_JOURNAL</setSpec><setSpec>uge_mail_RapidILL_JOURNAL</setSpec><setSpec>uge_dbu_RapidILL_JOURNAL</setSpec><setSpec>UNIGE_ALL</setSpec><setSpec>uge_abels_RapidILL_JOURNAL</setSpec><setSpec>uge_acar_RapidILL_JOURNAL</setSpec></header><metadata>
<record xmlns="http://www.loc.gov/MARC21/slim" xmlns:xsi="http://www.w3.org/2001/XMLSchema-instance" xsi:schemaLocation="http://www.loc.gov/MARC21/slim http://www.loc.gov/standards/marcxml/schema/MARC21slim.xsd"><leader>01273nas a2200313 c 4500</leader><controlfield tag="001">991000050159705502</controlfield><controlfield tag="005">20230119192314.0</controlfield><controlfield tag="008">960525d19682012mx || p|  ||| 0    0spa d</controlfield><datafield ind1=" " ind2=" " tag="022"><subfield code="a">0041-8633</subfield></datafield><datafield ind1=" " ind2=" " tag="035"><subfield code="a">(swissbib)079771149-41slsp_network</subfield></datafield><datafield ind1=" " ind2=" " tag="035"><subfield code="a">079771149</subfield><subfield code="9">ExL</subfield></datafield><datafield ind1=" " ind2=" " tag="035"><subfield code="a">(RERO)0569133-41slsp</subfield></datafield><datafield ind1=" " ind2=" " tag="035"><subfield code="a">(EXLNZ-41SLSP_NETWORK)991144991759705501</subfield></datafield><datafield ind1=" " ind2=" " tag="040"><subfield code="a">RERO</subfield><subfield code="d">CH-ZuSLS</subfield></datafield><datafield ind1=" " ind2="7" tag="072"><subfield code="a">dr</subfield><subfield code="2">rero</subfield></datafield><datafield ind1=" " ind2=" " tag="084"><subfield code="a">A 14 f</subfield><subfield code="2">cjurrom</subfield></datafield><datafield ind1="0" ind2="0" tag="245"><subfield code="a">Boletín mexicano de derecho comparado</subfield><subfield code="c">Instituto de investigaciones jurídicas, UNAM</subfield></datafield><datafield ind1=" " ind2="1" tag="264"><subfield code="a">México</subfield><subfield code="b">Universidad Nacional Autónoma de México</subfield></datafield><datafield ind1=" " ind2=" " tag="310"><subfield code="a">3 fois par an</subfield></datafield><datafield ind1=" " ind2=" " tag="336"><subfield code="b">txt</subfield><subfield code="2">rdacontent</subfield></datafield><datafield ind1=" " ind2=" " tag="337"><subfield code="b">n</subfield><subfield code="2">rdamedia</subfield></datafield><datafield ind1=" " ind2=" " tag="338"><subfield code="b">nc</subfield><subfield code="2">rdacarrier</subfield></datafield><datafield ind1="0" ind2=" " tag="362"><subfield code="a">N.S., Año 1(1968)- Año 45(2012)?</subfield></datafield><datafield ind1=" " ind2=" " tag="500"><subfield code="a">Ne paraît plus que sous forme électronique, entièrement consutable à l'adresse: http://biblio.juridicas.unam.mx/revista/DerechoComparado</subfield></datafield><datafield ind1=" " ind2=" " tag="580"><subfield code="a">Fait suite à: Boletin del Instituto de derecho comparado de México</subfield></datafield><datafield ind1=" " ind2="7" tag="650"><subfield code="a">Droit comparé</subfield><subfield code="0">(IDREF)027741451</subfield><subfield code="2">idref</subfield></datafield><datafield ind1=" " ind2="7" tag="655"><subfield code="a">Périodiques</subfield><subfield code="0">(IDREF)02724640X</subfield><subfield code="2">idref</subfield></datafield><datafield ind1="2" ind2=" " tag="710"><subfield code="a">Instituto de investigaciones jurídicas</subfield><subfield code="g">Mexico</subfield><subfield code="0">(IDREF)029433959</subfield></datafield><datafield ind1="0" ind2="0" tag="780"><subfield code="t">Boletin del Instituto de derecho comparado de México</subfield><subfield code="w">(RERO)0769243-41slsp</subfield></datafield><datafield ind1=" " ind2=" " tag="900"><subfield code="a">REROnoselfmerge</subfield></datafield></record>
</metadata></record>