<record><header><identifier>oai:alma.41SLSP_UGE:991000049639705502</identifier><datestamp>2023-03-01T01:08:47Z</datestamp><setSpec>uge_bcen_RapidILL_BOOK</setSpec><setSpec>uge_aaca_RapidILL_BOOK</setSpec><setSpec>uge_abels_RapidILL_BOOK</setSpec><setSpec>uge_dbu_RapidILL_BOOK</setSpec><setSpec>uge_cmu_RapidILL_BOOK</setSpec><setSpec>uge_mail_RapidILL_BOOK</setSpec><setSpec>UNIGE_ALL</setSpec><setSpec>uge_abbat_RapidILL_BOOK</setSpec><setSpec>uge_aobs_RapidILL_BOOK</setSpec><setSpec>uge_acar_RapidILL_BOOK</setSpec></header><metadata>
<record xmlns="http://www.loc.gov/MARC21/slim" xmlns:xsi="http://www.w3.org/2001/XMLSchema-instance" xsi:schemaLocation="http://www.loc.gov/MARC21/slim http://www.loc.gov/standards/marcxml/schema/MARC21slim.xsd"><leader>00672ncm a22002177c 4500</leader><controlfield tag="001">991000049639705502</controlfield><controlfield tag="005">20201222211104.0</controlfield><controlfield tag="008">110122nuuuuuuuuau ||u |            eng d</controlfield><datafield ind1=" " ind2=" " tag="035"><subfield code="a">(swissbib)113525249-41slsp_network</subfield></datafield><datafield ind1=" " ind2=" " tag="035"><subfield code="a">113525249</subfield><subfield code="9">ExL</subfield></datafield><datafield ind1=" " ind2=" " tag="035"><subfield code="a">(RERO)R006017097-41slsp</subfield></datafield><datafield ind1=" " ind2=" " tag="035"><subfield code="a">(EXLNZ-41SLSP_NETWORK)991056863599705501</subfield></datafield><datafield ind1=" " ind2=" " tag="040"><subfield code="a">RERO geulmu</subfield><subfield code="d">CH-ZuSLS</subfield></datafield><datafield ind1=" " ind2="7" tag="072"><subfield code="a">mu</subfield><subfield code="2">rero</subfield></datafield><datafield ind1="1" ind2=" " tag="100"><subfield code="a">Haydn, Joseph</subfield><subfield code="d">1732-1809</subfield><subfield code="0">(IDREF)030260868</subfield><subfield code="4">cre</subfield></datafield><datafield ind1="1" ind2="0" tag="245"><subfield code="a">&lt;&lt;The&gt;&gt; complete symphonies II</subfield><subfield code="b">13-27</subfield><subfield code="c">Joseph Haydn</subfield></datafield><datafield ind1=" " ind2="1" tag="264"><subfield code="a">Vienne</subfield><subfield code="b">UE</subfield><subfield code="c">[date de publication non identifiée]</subfield></datafield><datafield ind1=" " ind2=" " tag="300"><subfield code="a">282, 51 p.</subfield></datafield><datafield ind1=" " ind2=" " tag="336"><subfield code="b">ntm</subfield><subfield code="2">rdacontent</subfield></datafield><datafield ind1=" " ind2=" " tag="337"><subfield code="b">n</subfield><subfield code="2">rdamedia</subfield></datafield><datafield ind1=" " ind2=" " tag="338"><subfield code="b">nc</subfield><subfield code="2">rdacarrier</subfield></datafield><datafield ind1=" " ind2=" " tag="900"><subfield code="a">REROnoselfmerge</subfield></datafield><datafield ind1=" " ind2=" " tag="960"><subfield code="2">matmu</subfield><subfield code="a">Symphonie</subfield><subfield code="9">LOCAL</subfield></datafield></record>
</metadata></record>