<record><header><identifier>oai:alma.41SLSP_UGE:991000049969705502</identifier><datestamp>2023-03-01T01:08:47Z</datestamp><setSpec>uge_bcen_RapidILL_BOOK</setSpec><setSpec>uge_aaca_RapidILL_BOOK</setSpec><setSpec>uge_abels_RapidILL_BOOK</setSpec><setSpec>uge_dbu_RapidILL_BOOK</setSpec><setSpec>uge_cmu_RapidILL_BOOK</setSpec><setSpec>uge_mail_RapidILL_BOOK</setSpec><setSpec>UNIGE_ALL</setSpec><setSpec>uge_abbat_RapidILL_BOOK</setSpec><setSpec>uge_aobs_RapidILL_BOOK</setSpec><setSpec>uge_acar_RapidILL_BOOK</setSpec></header><metadata>
<record xmlns="http://www.loc.gov/MARC21/slim" xmlns:xsi="http://www.w3.org/2001/XMLSchema-instance" xsi:schemaLocation="http://www.loc.gov/MARC21/slim http://www.loc.gov/standards/marcxml/schema/MARC21slim.xsd"><leader>01964nam a2200565 c 4500</leader><controlfield tag="001">991000049969705502</controlfield><controlfield tag="005">20210207212851.0</controlfield><controlfield tag="008">201011t19881988xxu||||| |||| 00| ||eng d</controlfield><datafield ind1=" " ind2=" " tag="010"><subfield code="a">86042922</subfield></datafield><datafield ind1=" " ind2=" " tag="019"><subfield code="a">Kein Kongress / Jäger, 1988.12.09</subfield></datafield><datafield ind1=" " ind2=" " tag="020"><subfield code="a">0881673706</subfield></datafield><datafield ind1=" " ind2=" " tag="035"><subfield code="a">(swissbib)212125133-41slsp_network</subfield></datafield><datafield ind1=" " ind2=" " tag="035"><subfield code="a">212125133</subfield><subfield code="9">ExL</subfield></datafield><datafield ind1=" " ind2=" " tag="035"><subfield code="a">(RERO)0930242-41slsp</subfield></datafield><datafield ind1=" " ind2=" " tag="035"><subfield code="a">(NEBIS)000476732EBI01</subfield></datafield><datafield ind1=" " ind2=" " tag="035"><subfield code="a">(EXLNZ-41SLSP_NETWORK)991147578699705501</subfield></datafield><datafield ind1=" " ind2=" " tag="040"><subfield code="a">RERO labdfm</subfield><subfield code="d">CH-ZuSLS</subfield></datafield><datafield ind1=" " ind2="7" tag="072"><subfield code="a">me</subfield><subfield code="2">rero</subfield></datafield><datafield ind1="0" ind2="4" tag="082"><subfield code="a">616.8 s</subfield><subfield code="a">617/.52</subfield><subfield code="2">19</subfield></datafield><datafield ind1="0" ind2="4" tag="082"><subfield code="a">617.52</subfield><subfield code="2">19</subfield></datafield><datafield ind1="0" ind2="0" tag="245"><subfield code="a">Facial dyskinesias</subfield><subfield code="c">ed. by Joseph Jankovic, Eduardo Tolosa</subfield></datafield><datafield ind1=" " ind2="1" tag="264"><subfield code="a">New York</subfield><subfield code="b">Raven Press</subfield><subfield code="c">[1988]</subfield></datafield><datafield ind1=" " ind2="4" tag="264"><subfield code="c">© 1988</subfield></datafield><datafield ind1=" " ind2=" " tag="300"><subfield code="a">XXI, 538 p.</subfield><subfield code="b">ill.</subfield><subfield code="c">24 cm</subfield></datafield><datafield ind1=" " ind2=" " tag="336"><subfield code="b">txt</subfield><subfield code="2">rdacontent</subfield></datafield><datafield ind1=" " ind2=" " tag="337"><subfield code="b">n</subfield><subfield code="2">rdamedia</subfield></datafield><datafield ind1=" " ind2=" " tag="338"><subfield code="b">nc</subfield><subfield code="2">rdacarrier</subfield></datafield><datafield ind1="1" ind2=" " tag="490"><subfield code="a">Advances in neurology</subfield><subfield code="v">vol. 49</subfield></datafield><datafield ind1=" " ind2="2" tag="650"><subfield code="a">Facial Muscles</subfield><subfield code="x">physiopathology</subfield></datafield><datafield ind1=" " ind2="2" tag="650"><subfield code="a">Movement Disorders</subfield></datafield><datafield ind1=" " ind2="2" tag="650"><subfield code="a">Dystonia</subfield></datafield><datafield ind1=" " ind2="7" tag="650"><subfield code="a">Dystonie</subfield><subfield code="2">idszbz</subfield></datafield><datafield ind1=" " ind2="7" tag="650"><subfield code="a">Gesicht</subfield><subfield code="2">idszbz</subfield></datafield><datafield ind1=" " ind2="7" tag="650"><subfield code="a">Muskelkrankheit</subfield><subfield code="2">idszbz</subfield></datafield><datafield ind1=" " ind2="7" tag="650"><subfield code="a">Dyskinesie</subfield><subfield code="0">(DE-588)4150942-0</subfield><subfield code="2">gnd</subfield></datafield><datafield ind1=" " ind2="7" tag="650"><subfield code="a">Gesicht</subfield><subfield code="0">(DE-588)4020687-7</subfield><subfield code="2">gnd</subfield></datafield><datafield ind1=" " ind2="7" tag="650"><subfield code="a">Gesichtsmuskel</subfield><subfield code="0">(DE-588)4134370-0</subfield><subfield code="2">gnd</subfield></datafield><datafield ind1=" " ind2="0" tag="650"><subfield code="a">Dystonia</subfield></datafield><datafield ind1=" " ind2="0" tag="650"><subfield code="a">Face</subfield><subfield code="x">Movement disorders</subfield></datafield><datafield ind1=" " ind2="0" tag="650"><subfield code="a">Face</subfield><subfield code="x">Muscles</subfield><subfield code="x">Pathophysiology</subfield></datafield><datafield ind1=" " ind2="0" tag="650"><subfield code="a">Movement disorders</subfield></datafield><datafield ind1=" " ind2="7" tag="650"><subfield code="a">DYSKINESIE (PATHOLOGIE)</subfield><subfield code="9">ger</subfield><subfield code="0">(ETHUDK)000027008</subfield><subfield code="2">ethudk</subfield></datafield><datafield ind1=" " ind2="7" tag="650"><subfield code="a">GESICHT (ANATOMIE UND PHYSIOLOGIE)</subfield><subfield code="9">ger</subfield><subfield code="0">(ETHUDK)000026007</subfield><subfield code="2">ethudk</subfield></datafield><datafield ind1=" " ind2="7" tag="650"><subfield code="a">HALS (ANATOMIE UND PHYSIOLOGIE)</subfield><subfield code="9">ger</subfield><subfield code="0">(ETHUDK)000026008</subfield><subfield code="2">ethudk</subfield></datafield><datafield ind1=" " ind2="7" tag="655"><subfield code="a">Aufsatzsammlung</subfield><subfield code="2">idszbz</subfield></datafield><datafield ind1="1" ind2=" " tag="700"><subfield code="a">Tolosa, Eduardo</subfield></datafield><datafield ind1="1" ind2=" " tag="700"><subfield code="a">Jankovic, Joseph</subfield><subfield code="0">(DE-588)172167086</subfield><subfield code="6">880-02</subfield></datafield><datafield ind1="1" ind2=" " tag="880"><subfield code="6">700-02</subfield><subfield code="a">Jankovic, Joseph</subfield><subfield code="d">1948-....</subfield><subfield code="0">(IDREF)033957487</subfield></datafield><datafield ind1=" " ind2="0" tag="830"><subfield code="a">Advances in neurology</subfield><subfield code="v">49</subfield><subfield code="w">(RERO)0383297-41slsp</subfield></datafield><datafield ind1=" " ind2="0" tag="830"><subfield code="a">Advances in neurology</subfield><subfield code="v">49</subfield><subfield code="w">(NEBIS)000000103EBI01</subfield></datafield><datafield ind1=" " ind2=" " tag="900"><subfield code="a">REROnoselfmerge</subfield></datafield></record>
</metadata></record>