<record><header><identifier>oai:alma.41SLSP_UGE:991000009189705502</identifier><datestamp>2023-03-01T01:08:47Z</datestamp><setSpec>uge_bcen_RapidILL_BOOK</setSpec><setSpec>uge_aaca_RapidILL_BOOK</setSpec><setSpec>uge_abels_RapidILL_BOOK</setSpec><setSpec>uge_dbu_RapidILL_BOOK</setSpec><setSpec>uge_cmu_RapidILL_BOOK</setSpec><setSpec>uge_mail_RapidILL_BOOK</setSpec><setSpec>UNIGE_ALL</setSpec><setSpec>uge_abbat_RapidILL_BOOK</setSpec><setSpec>uge_aobs_RapidILL_BOOK</setSpec><setSpec>uge_acar_RapidILL_BOOK</setSpec></header><metadata>
<record xmlns="http://www.loc.gov/MARC21/slim" xmlns:xsi="http://www.w3.org/2001/XMLSchema-instance" xsi:schemaLocation="http://www.loc.gov/MARC21/slim http://www.loc.gov/standards/marcxml/schema/MARC21slim.xsd"><leader>01809nam a2200289 c 4500</leader><controlfield tag="001">991000009189705502</controlfield><controlfield tag="005">20201126055502.0</controlfield><controlfield tag="008">100125s2009    sz ||||| m||| 00| ||eng d</controlfield><datafield ind1=" " ind2=" " tag="019"><subfield code="a">Catalogage décrit l'ex. de thèse</subfield><subfield code="5">RERO/geudbu/01.2010</subfield></datafield><datafield ind1=" " ind2=" " tag="019"><subfield code="a">Numéro de thèse donné par le Bureau des diplômes Uni/Ge</subfield><subfield code="5">RERO/geudbu/02.2010</subfield></datafield><datafield ind1=" " ind2=" " tag="035"><subfield code="a">(swissbib)109909968-41slsp_network</subfield></datafield><datafield ind1=" " ind2=" " tag="035"><subfield code="a">109909968</subfield><subfield code="9">ExL</subfield></datafield><datafield ind1=" " ind2=" " tag="035"><subfield code="a">(RERO)R005375815-41slsp</subfield></datafield><datafield ind1=" " ind2=" " tag="035"><subfield code="a">(EXLNZ-41SLSP_NETWORK)991148050299705501</subfield></datafield><datafield ind1=" " ind2=" " tag="040"><subfield code="a">RERO geudbu</subfield><subfield code="d">CH-ZuSLS</subfield></datafield><datafield ind1=" " ind2=" " tag="044"><subfield code="a">sz</subfield><subfield code="c">ch-ge</subfield></datafield><datafield ind1=" " ind2="7" tag="072"><subfield code="a">se</subfield><subfield code="2">rero</subfield></datafield><datafield ind1="1" ind2=" " tag="100"><subfield code="a">Stancu, Ion Alexandru</subfield><subfield code="0">(RERO)A017378702</subfield><subfield code="4">cre</subfield></datafield><datafield ind1="1" ind2="0" tag="245"><subfield code="a">&lt;&lt;The&gt;&gt; rationalization of balanced scorecard using multivariate statistical approach</subfield><subfield code="c">Stancu Ion Alexandru</subfield></datafield><datafield ind1=" " ind2="1" tag="264"><subfield code="a">Genève</subfield><subfield code="b">[éditeur non identifié]</subfield><subfield code="c">2009</subfield></datafield><datafield ind1=" " ind2=" " tag="300"><subfield code="a">278 f.</subfield><subfield code="b">ill.</subfield></datafield><datafield ind1=" " ind2=" " tag="336"><subfield code="b">txt</subfield><subfield code="2">rdacontent</subfield></datafield><datafield ind1=" " ind2=" " tag="337"><subfield code="b">n</subfield><subfield code="2">rdamedia</subfield></datafield><datafield ind1=" " ind2=" " tag="338"><subfield code="b">nc</subfield><subfield code="2">rdacarrier</subfield></datafield><datafield ind1=" " ind2=" " tag="502"><subfield code="a">Th. Univ. Genève, 2009 ; SES 696</subfield></datafield><datafield ind1=" " ind2=" " tag="508"><subfield code="a">Directeur de thèse: Professeur Bernard Morard</subfield></datafield><datafield ind1="8" ind2=" " tag="520"><subfield code="a">The thesis examines the relationship between structural equation modeling and the Balanced Scorecard. Filtering financial and non-financial key performance indicators (KPI) into strategic perspectives, the paper propose a rational construction of Balanced Scorecard by finding the optimal cause-and-effect scheme. This choice is made by implementing the Partial Least Squares (PLS) in the final model. One will note that the Kaplan and Norton's model of BSC is only a particular case of thesis findings and that an optimal layout does exist. Following this step, the thesis propose a general approach to build step-by-step a rational and optimal Balanced Scorecard and sustain this modeling with two pragmatic cases in the banking and health sector</subfield><subfield code="5">RERO/geudbu/01.2010</subfield></datafield><datafield ind1=" " ind2=" " tag="900"><subfield code="a">REROnoselfmerge</subfield></datafield></record>
</metadata></record>