<record><header><identifier>oai:alma.41SLSP_UGE:991000050279705502</identifier><datestamp>2023-03-01T01:08:47Z</datestamp><setSpec>uge_bcen_RapidILL_BOOK</setSpec><setSpec>uge_aaca_RapidILL_BOOK</setSpec><setSpec>uge_abels_RapidILL_BOOK</setSpec><setSpec>uge_dbu_RapidILL_BOOK</setSpec><setSpec>uge_cmu_RapidILL_BOOK</setSpec><setSpec>uge_mail_RapidILL_BOOK</setSpec><setSpec>UNIGE_ALL</setSpec><setSpec>uge_abbat_RapidILL_BOOK</setSpec><setSpec>uge_acar_RapidILL_BOOK</setSpec><setSpec>uge_aobs_RapidILL_BOOK</setSpec></header><metadata>
<record xmlns="http://www.loc.gov/MARC21/slim" xmlns:xsi="http://www.w3.org/2001/XMLSchema-instance" xsi:schemaLocation="http://www.loc.gov/MARC21/slim http://www.loc.gov/standards/marcxml/schema/MARC21slim.xsd"><leader>02561nam a2200685 c 4500</leader><controlfield tag="001">991000050279705502</controlfield><controlfield tag="005">20230208195607.0</controlfield><controlfield tag="008">201011s1990    sz ||||| |||| 00| ||fre d</controlfield><datafield ind1=" " ind2=" " tag="035"><subfield code="a">(swissbib)21601462X-41slsp_network</subfield></datafield><datafield ind1=" " ind2=" " tag="035"><subfield code="a">21601462X</subfield><subfield code="9">ExL</subfield></datafield><datafield ind1=" " ind2=" " tag="035"><subfield code="a">(RERO)1248338-41slsp</subfield></datafield><datafield ind1=" " ind2=" " tag="035"><subfield code="a">(IDSSG)000024146HSB01</subfield></datafield><datafield ind1=" " ind2=" " tag="035"><subfield code="a">(IDSBB)000626697DSV01</subfield></datafield><datafield ind1=" " ind2=" " tag="035"><subfield code="a">(NEBIS)001121242EBI01</subfield></datafield><datafield ind1=" " ind2=" " tag="035"><subfield code="a">(EXLNZ-41SLSP_NETWORK)991087319909705501</subfield></datafield><datafield ind1=" " ind2=" " tag="040"><subfield code="a">RERO nebpun</subfield><subfield code="d">CH-ZuSLS</subfield></datafield><datafield ind1=" " ind2=" " tag="044"><subfield code="a">sz</subfield><subfield code="c">ch-ge</subfield></datafield><datafield ind1=" " ind2="7" tag="072"><subfield code="a">fr</subfield><subfield code="2">rero</subfield></datafield><datafield ind1=" " ind2="7" tag="072"><subfield code="a">fr</subfield><subfield code="2">SzZuIDS BS/BE</subfield></datafield><datafield ind1="0" ind2="0" tag="082"><subfield code="a">842/.4</subfield><subfield code="2">20</subfield></datafield><datafield ind1="0" ind2="4" tag="082"><subfield code="a">842 .4</subfield><subfield code="2">20</subfield></datafield><datafield ind1="0" ind2="4" tag="082"><subfield code="a">809.1938</subfield></datafield><datafield ind1="0" ind2="4" tag="082"><subfield code="a">842.41 UKP</subfield></datafield><datafield ind1="1" ind2="4" tag="082"><subfield code="a">842.4</subfield><subfield code="2">22</subfield></datafield><datafield ind1="1" ind2=" " tag="100"><subfield code="a">Fumaroli, Marc</subfield><subfield code="d">1932-2020</subfield><subfield code="0">(DE-588)133152057</subfield><subfield code="6">880-01</subfield></datafield><datafield ind1="1" ind2=" " tag="880"><subfield code="6">100-01</subfield><subfield code="a">Fumaroli, Marc</subfield><subfield code="d">1932-2020</subfield><subfield code="0">(IDREF)026876787</subfield><subfield code="4">cre</subfield></datafield><datafield ind1="1" ind2="0" tag="245"><subfield code="a">Héros et orateurs</subfield><subfield code="b">rhétorique et dramaturgie cornéliennes</subfield><subfield code="c">Marc Fumaroli</subfield></datafield><datafield ind1=" " ind2="1" tag="264"><subfield code="a">Genève</subfield><subfield code="b">Libr. Droz</subfield><subfield code="c">1990</subfield></datafield><datafield ind1=" " ind2=" " tag="300"><subfield code="a">532 p.</subfield><subfield code="c">23 cm</subfield></datafield><datafield ind1=" " ind2=" " tag="336"><subfield code="b">txt</subfield><subfield code="2">rdacontent</subfield></datafield><datafield ind1=" " ind2=" " tag="337"><subfield code="b">n</subfield><subfield code="2">rdamedia</subfield></datafield><datafield ind1=" " ind2=" " tag="338"><subfield code="b">nc</subfield><subfield code="2">rdacarrier</subfield></datafield><datafield ind1="1" ind2=" " tag="490"><subfield code="a">Histoire des idées et critique littéraire</subfield><subfield code="v">vol. 277</subfield></datafield><datafield ind1=" " ind2=" " tag="500"><subfield code="a">Recueil d'études, publiées pour la plupart entre 1968 et 1984</subfield></datafield><datafield ind1=" " ind2=" " tag="504"><subfield code="a">Enthält Literaturangaben</subfield></datafield><datafield ind1="1" ind2="7" tag="600"><subfield code="a">Corneille, Pierre</subfield><subfield code="d">1606-1684</subfield><subfield code="0">(IDREF)026799472</subfield><subfield code="2">idref</subfield></datafield><datafield ind1="1" ind2="7" tag="600"><subfield code="a">Corneille, Pierre</subfield><subfield code="x">Dramaturgie</subfield><subfield code="2">idsbb</subfield></datafield><datafield ind1="1" ind2="7" tag="600"><subfield code="a">Corneille, Pierre</subfield><subfield code="x">Rhetorik</subfield><subfield code="2">idsbb</subfield></datafield><datafield ind1="1" ind2="7" tag="600"><subfield code="a">Corneille, Pierre</subfield><subfield code="d">1606-1684</subfield><subfield code="0">(DE-588)118522175</subfield><subfield code="2">gnd</subfield></datafield><datafield ind1="1" ind2="7" tag="600"><subfield code="a">Corneille, Pierre</subfield><subfield code="2">idszbz</subfield></datafield><datafield ind1="1" ind2="0" tag="600"><subfield code="a">Corneille, Pierre</subfield><subfield code="d">1606-1684</subfield></datafield><datafield ind1="1" ind2="0" tag="600"><subfield code="a">Corneille, Pierre</subfield><subfield code="d">1606-1684</subfield><subfield code="x">Technique</subfield></datafield><datafield ind1=" " ind2="7" tag="650"><subfield code="a">Rhétorique</subfield><subfield code="0">(IDREF)027402673</subfield><subfield code="2">idref</subfield></datafield><datafield ind1=" " ind2="7" tag="650"><subfield code="a">Werk</subfield><subfield code="2">idszbz</subfield></datafield><datafield ind1=" " ind2="7" tag="650"><subfield code="a">Dramentheorie</subfield><subfield code="0">(DE-588)4070570-5</subfield><subfield code="2">gnd</subfield></datafield><datafield ind1=" " ind2="7" tag="650"><subfield code="a">Rhetorik</subfield><subfield code="0">(DE-588)4076704-8</subfield><subfield code="2">gnd</subfield></datafield><datafield ind1=" " ind2="0" tag="650"><subfield code="a">Corneille, Pierre, 1606-1684</subfield><subfield code="x">Criticism And Interpretation</subfield></datafield><datafield ind1=" " ind2="0" tag="650"><subfield code="a">Drama</subfield><subfield code="x">Technique</subfield></datafield><datafield ind1=" " ind2="0" tag="650"><subfield code="a">French language</subfield><subfield code="y">Middle French, 1300-1600</subfield><subfield code="x">Rhetoric</subfield></datafield><datafield ind1=" " ind2="0" tag="650"><subfield code="a">Literature, Modern</subfield><subfield code="y">17th century</subfield></datafield><datafield ind1=" " ind2="0" tag="650"><subfield code="a">Rhetoric</subfield><subfield code="x">Early works to 1800</subfield></datafield><datafield ind1=" " ind2="0" tag="650"><subfield code="a">Rhetoric</subfield><subfield code="x">History</subfield><subfield code="y">17th century</subfield></datafield><datafield ind1=" " ind2="0" tag="650"><subfield code="a">Theater</subfield><subfield code="z">France</subfield><subfield code="x">History</subfield></datafield><datafield ind1=" " ind2="7" tag="655"><subfield code="a">[Études diverses]</subfield><subfield code="0">(RERO)A022249905</subfield><subfield code="2">rero</subfield></datafield><datafield ind1=" " ind2="7" tag="655"><subfield code="a">Aufsatzsammlung</subfield><subfield code="2">gnd-content</subfield></datafield><datafield ind1=" " ind2=" " tag="690"><subfield code="a">Corneille, Pierre</subfield><subfield code="2">uzb-VH</subfield></datafield><datafield ind1=" " ind2=" " tag="690"><subfield code="a">Corneille, Pierre : L'Illusion comique</subfield><subfield code="2">uzb-VH</subfield></datafield><datafield ind1=" " ind2=" " tag="690"><subfield code="a">Rhetorik : 17. Jahrhundert</subfield><subfield code="2">uzb-VH</subfield></datafield><datafield ind1=" " ind2=" " tag="830"><subfield code="a">Histoire des idées et critique littéraire</subfield><subfield code="v">277</subfield><subfield code="w">(IDSSG)000001693HSB01</subfield></datafield><datafield ind1=" " ind2=" " tag="900"><subfield code="a">REROnoselfmerge</subfield></datafield><datafield ind1=" " ind2=" " tag="900"><subfield code="f">IDSU2medea</subfield></datafield></record>
</metadata></record>