<record><header><identifier>oai:alma.41SLSP_UGE:991000008459705502</identifier><datestamp>2023-03-17T01:52:17Z</datestamp><setSpec>uge_bcen_RapidILL_BOOK</setSpec><setSpec>uge_aaca_RapidILL_BOOK</setSpec><setSpec>uge_abels_RapidILL_BOOK</setSpec><setSpec>uge_dbu_RapidILL_BOOK</setSpec><setSpec>uge_cmu_RapidILL_BOOK</setSpec><setSpec>uge_mail_RapidILL_BOOK</setSpec><setSpec>uge_abbat_RapidILL_BOOK</setSpec><setSpec>UNIGE_ALL</setSpec><setSpec>uge_acar_RapidILL_BOOK</setSpec><setSpec>uge_aobs_RapidILL_BOOK</setSpec></header><metadata>
<record xmlns="http://www.loc.gov/MARC21/slim" xmlns:xsi="http://www.w3.org/2001/XMLSchema-instance" xsi:schemaLocation="http://www.loc.gov/MARC21/slim http://www.loc.gov/standards/marcxml/schema/MARC21slim.xsd"><leader>05280nam a2200349 c 4500</leader><controlfield tag="001">991000008459705502</controlfield><controlfield tag="005">20230316211327.0</controlfield><controlfield tag="008">130213s2013    it ||||| |||| 00| ||ita d</controlfield><datafield ind1=" " ind2=" " tag="020"><subfield code="a">9788883476570</subfield><subfield code="c">€ 45.-</subfield></datafield><datafield ind1="7" ind2=" " tag="024"><subfield code="a">http://catalogue.bnf.fr/ark:/12148/cb43588884d</subfield><subfield code="2">uri</subfield></datafield><datafield ind1=" " ind2=" " tag="035"><subfield code="a">(swissbib)116997222-41slsp_network</subfield></datafield><datafield ind1=" " ind2=" " tag="035"><subfield code="a">116997222</subfield><subfield code="9">ExL</subfield></datafield><datafield ind1=" " ind2=" " tag="035"><subfield code="a">(RERO)R007238014-41slsp</subfield></datafield><datafield ind1=" " ind2=" " tag="035"><subfield code="a">(EXLNZ-41SLSP_NETWORK)991028133319705501</subfield></datafield><datafield ind1=" " ind2=" " tag="040"><subfield code="a">RERO geulha</subfield><subfield code="d">CH-ZuSLS</subfield></datafield><datafield ind1=" " ind2="7" tag="072"><subfield code="a">ba</subfield><subfield code="2">rero</subfield></datafield><datafield ind1="0" ind2="0" tag="245"><subfield code="a">Nello splendore mediceo</subfield><subfield code="b">papa Leone X e Firenze : [Firenze, Museo delle Cappelle Medicee e Casa Buonarroti, 26 marzo - 6 ottobre 2013]</subfield><subfield code="c">a cura di Nicoletta Baldini e Monica Bietti</subfield></datafield><datafield ind1=" " ind2="1" tag="264"><subfield code="a">Livorno</subfield><subfield code="b">Sillabe</subfield><subfield code="c">2013</subfield></datafield><datafield ind1=" " ind2=" " tag="300"><subfield code="a">619 p.</subfield><subfield code="b">ill. en noir et en coul.</subfield><subfield code="c">28 cm</subfield></datafield><datafield ind1=" " ind2=" " tag="336"><subfield code="b">txt</subfield><subfield code="2">rdacontent</subfield></datafield><datafield ind1=" " ind2=" " tag="337"><subfield code="b">n</subfield><subfield code="2">rdamedia</subfield></datafield><datafield ind1=" " ind2=" " tag="338"><subfield code="b">nc</subfield><subfield code="2">rdacarrier</subfield></datafield><datafield ind1="0" ind2=" " tag="505"><subfield code="a">Cristìna Acìdìnì, Giampiero Maracchi et Monica Bietti: Presentazioni. - Nicoletta Baldini: Per papa Leone X de' Medici e Firenze : breve nota sul progetto scientifico. - Monica Bietti: Appunti d'allestimento. - Vanna Arrighi: La stirpe dei Medici di Cafaggiolo : dal XIV secolo a Lorenzo il Magnifico. - Lorenzo Tanzini: I Medici, Lorenzo e l'ultima conquista. - Nicoletta Pons: Lorenzo il Magnifico : committenza e propaganda. - Vanna Arrighi: Vita di Giovanni de' Medici, un papa del Rinascimento. - Nicoletta Baldini: &quot;Qualche gentilezza di cose antiche&quot; : del giardino di Lorenzo il Magnifico in piazza San Marco, di alcuni artisti e del cardinale Giovanni de' Medici. - Alessandra Mita Ferraro: L'educazione umanistica di Giovanni de' Medici. - Lorenz Bóninger: &quot;La maggior cosa che facessi mai casa nostra&quot; : le strategie di Lorenzo il Magnifico per il primo cardinalato di casa Medici. - Stefano Calonaci: Cambi di dimensione : il cardinalato di Giovanni di Lorenzo de' Medici. - llaria Ciseri: 10 marzo 1492 : cerimonie e feste per la prima entrata a Firenze del cardinale Giovanni de' Medici. - Nicoletta Baldini: Nella &quot;chamera&quot; di monsignore e altrove : residenze fiorentine del cardinale Giovanni de' Medici : il palazzo Medici in via Larga e la precettoria di Sant'Antonio abate alla Porta a Faenza. - Paolo Mechelli: Breve nota sull'educazione musicale di Giovanni de' Medici. - Paola Benigni: Firenze al tempo di Girolamo Savonarola e di Pier Soderini. - Monica Bietti: Dal Savonarola al pontificato di Leone X : artisti e patroni in San Pier Maggiore a Firenze. - Roberta Menicucci: Il ritorno dei Medici a Firenze (1512-1515) nella rilettura delle prime fonti a stampa e dei documenti d'archivio. - Elena Capretti: Feste, carri trionfali e il salone di Poggio a Caiano : i fasti della restaurazione medicea fra storia mito e allegoria. - Noemi Rubello: Leone X (1513-1521) : il pontificato di un papa prudente. - Cristìna Acidini: Le radici a Firenze, i frutti a Roma. - Mauro Mussolin: La committenza architettonica fra Roma e Firenze al tempo di Leone X : le città, gli edifici, l'antico. - Francesco Paolo Di Feodoro: I ritratti di papa Leone X &quot;pacis ac charitatis amator&quot;. - Ilaria Ciseri: &quot;Con tanto grandissimo e trionfante onore&quot; : immagini dall'ingresso fiorentino di papa Leone X nel 1515. - Alessandro Cecchi: Leone X a Firenze : il papa e il suo seguito nella decorazione vasariana in Palazzo Vecchio. - Alessio Assonitis: Pontormo, pittore leonino : gli affreschi per il portico della Santissima Annunziata (1513) e per la Cappella dei Papi nel convento di Santa Maria Novella (1515). - Josephine Rogers Mariotti: Un libro di spese di casa Medici per gli anni 1512-1513 e l'attività di alcuni artisti attivi per papa Leone X. - Anna Rita Fantoni et Ida Giovanna Rao: La biblioteca del papa. - Pietro Ruschi: Un episodio architettonico a Firenze in età leonina : Raffaello e Palazzo Pandolfini. - Emanuela Ferretti et Tommaso Mozzati: I Capitani, Michelangelo e la Sagrestia Nuova. - Vincenzo Vaccaro: Per una lettura del poliedro a coronamento della Sagrestia Nuova di Michelangelo. - Pietro Ruschi: I progetti del concorso leonino per la facciata della basilica di San Lorenzo a Firenze. - Gabriele Morolli: &quot;Di Architettura e di Scultura lo Specchio di tucta Italia&quot; : la facciata michelangiolesca di San Lorenzo : evidenza, memoria, mistero. - Catalogo (Introduzione : la stirpe dei Medici di Cafaggiolo. - Al tempo del Magnifico : l'educazione di Giovanni. - Giovanni de'Medici cardinale. - Alla morte del Magnifico. Gli anni dell'esilio (1494-1512). Savonarola e Pier Soderini. Il ritorno dei Medici. - Giovanni di Lorenzo de' Medici papa Leone X ( 11 marzo 1513). - Leone X e Firenze. - Da Leone X a Clemente VII : I papi della famiglia Medici, Michelangelo e la Sagrestia Nuova. - La facciata di San Lorenzo)</subfield></datafield><datafield ind1="0" ind2="7" tag="600"><subfield code="a">Léon</subfield><subfield code="b">X</subfield><subfield code="c">pape</subfield><subfield code="d">1475-1521</subfield><subfield code="0">(IDREF)070725721</subfield><subfield code="2">idref</subfield></datafield><datafield ind1="1" ind2="7" tag="600"><subfield code="a">Medici, Giovanni de</subfield><subfield code="0">(RERO)A023290111</subfield><subfield code="2">rero</subfield></datafield><datafield ind1=" " ind2="7" tag="650"><subfield code="a">Art de la Renaissance</subfield><subfield code="0">(IDREF)027498301</subfield><subfield code="2">idref</subfield></datafield><datafield ind1=" " ind2="7" tag="651"><subfield code="a">Florence (Italie)</subfield><subfield code="0">(IDREF)027226042</subfield><subfield code="2">idref</subfield></datafield><datafield ind1=" " ind2="7" tag="655"><subfield code="a">Catalogues d'exposition</subfield><subfield code="0">(IDREF)027320456</subfield><subfield code="2">idref</subfield></datafield><datafield ind1="1" ind2=" " tag="700"><subfield code="a">Baldini, Nicoletta</subfield><subfield code="d">19..-....</subfield><subfield code="0">(IDREF)083645179</subfield></datafield><datafield ind1="1" ind2=" " tag="700"><subfield code="a">Bietti, Monica</subfield><subfield code="0">(IDREF)060382430</subfield></datafield><datafield ind1="2" ind2=" " tag="710"><subfield code="a">Museo delle Cappelle Medicee</subfield><subfield code="g">Florence</subfield><subfield code="0">(IDREF)144739976</subfield></datafield><datafield ind1="2" ind2=" " tag="710"><subfield code="a">Casa Buonarroti</subfield><subfield code="g">Florence, Italie</subfield><subfield code="0">(IDREF)030791081</subfield></datafield><datafield ind1=" " ind2=" " tag="900"><subfield code="a">REROnoselfmerge</subfield></datafield><datafield ind1=" " ind2=" " tag="993"><subfield code="a">BFLB 31059</subfield><subfield code="x">ge/ulha/a/13/0621</subfield><subfield code="9">LOCAL</subfield></datafield></record>
</metadata></record><resumptionToken>1900-01-01@all@UNIGE_ALL@marc21@5986445570005502</resumptionToken></ListRecords></OAI-PMH>